Binder Name,Binder Type,Name,Set code,Set name,Collector number,Foil,Rarity,Quantity,ManaBox ID,Scryfall ID,Purchase price,Misprint,Altered,Condition,Language,Purchase price currency,Added
Non-Basic Lands,binder,Cephalid Coliseum,TDC,Tarkir: Dragonstorm Commander,349,normal,uncommon,1,104428,03b9c9ed-fb6f-4f8d-bb1d-7999dec4245c,0.26,false,false,near_mint,en,USD,2026-06-30T00:35:05.441Z
Non-Basic Lands,binder,The Surgical Bay,ONE,Phyrexia: All Will Be One,260,normal,common,1,78431,1b49ec35-2c4f-4144-85fe-226f7cb67266,0.2,false,false,near_mint,en,USD,2026-06-30T00:35:05.440Z
Non-Basic Lands,binder,Lupinflower Village,BLB,Bloomburrow,256,normal,uncommon,1,95634,8ab9d56f-9178-4ec9-a5f6-b934f50d8d9d,0.29,false,false,near_mint,en,USD,2026-06-30T00:35:05.439Z
Non-Basic Lands,binder,Monumental Henge,MH3,Modern Horizons 3,222,normal,rare,1,94473,62907e7b-e531-4f51-9a69-7e60ae525775,0.39,false,false,near_mint,en,USD,2026-06-30T00:35:05.438Z
Non-Basic Lands,binder,Arid Archway,OTJ,Outlaws of Thunder Junction,252,normal,uncommon,1,93133,3f8c8fa2-12ab-4f6a-9f7a-2bc69e9ba024,0.47,false,false,near_mint,en,USD,2026-06-30T00:44:13.100Z
Non-Basic Lands,binder,Terramorphic Expanse,OTC,Outlaws of Thunder Junction Commander,336,normal,common,2,93765,9c418bac-c1d1-4fbf-aaca-7bc36b3913c4,0.27,false,false,near_mint,en,USD,2026-06-30T00:44:13.097Z
Non-Basic Lands,binder,Perilous Landscape,TDC,Tarkir: Dragonstorm Commander,383,normal,common,1,104684,61fc78e0-d0db-4ecb-a29a-f1a437d7987c,0.23,false,false,near_mint,en,USD,2026-06-30T00:44:13.095Z
Non-Basic Lands,binder,Jungle Hollow,TDM,Tarkir: Dragonstorm,258,normal,common,1,104375,ea13440b-3f7b-4182-9541-27c1fa3121e5,0.22,false,false,near_mint,en,USD,2026-06-30T00:44:13.090Z
Non-Basic Lands,binder,Strangled Cemetery,DSK,Duskmourn: House of Horror,268,normal,common,1,98666,c1ce9250-bdbe-4c77-9243-6db9ffffe69b,0.23,false,false,near_mint,en,USD,2026-06-30T00:44:13.088Z
Non-Basic Lands,binder,Eclipsed Realms,ECL,Lorwyn Eclipsed,263,normal,uncommon,1,110801,a174f0db-8b4f-4c37-9583-44c92d37b9c0,0.62,false,false,near_mint,en,USD,2026-06-30T00:44:13.085Z
Non-Basic Lands,binder,Blossoming Sands,DFT,Aetherdrift,252,normal,common,1,103088,69949863-2510-4fe2-a815-0682beeb08a3,0.27,false,false,near_mint,en,USD,2026-06-30T00:44:13.078Z
Non-Basic Lands,binder,Evolving Wilds,TDM,Tarkir: Dragonstorm,255,normal,common,1,104685,62209251-4118-4843-895b-46afb7284c75,0.25,false,false,near_mint,en,USD,2026-06-30T00:44:13.076Z
Non-Basic Lands,binder,Bleeding Woods,DSK,Duskmourn: House of Horror,257,normal,common,1,98671,cb224874-aff5-461f-82ee-89b06663231a,0.22,false,false,near_mint,en,USD,2026-06-30T00:44:13.075Z
Non-Basic Lands,binder,Thornwood Falls,TDM,Tarkir: Dragonstorm,269,normal,common,1,104376,ebb502c2-5fd0-46a9-b77d-010f4a942056,0.12,false,false,near_mint,en,USD,2026-06-30T00:44:13.073Z
Non-Basic Lands,binder,Foreboding Landscape,TDC,Tarkir: Dragonstorm Commander,365,normal,common,1,104970,cf53f97c-dd4c-44bd-93ba-faa6d64c985a,0.19,false,false,near_mint,en,USD,2026-06-30T00:44:13.069Z
Non-Basic Lands,binder,Promising Vein,LCI,The Lost Caverns of Ixalan,279,normal,common,1,88998,e9681a54-6413-4ff4-b6b1-ee4decb25bfa,0.28,false,false,near_mint,en,USD,2026-06-30T00:44:13.068Z
Non-Basic Lands,binder,Cavernous Maw,LCI,The Lost Caverns of Ixalan,270,normal,uncommon,1,88367,2a51ebf6-a465-42e2-82b7-d2cb928ca632,0.21,false,false,near_mint,en,USD,2026-06-30T00:44:13.067Z
Non-Basic Lands,binder,Shattered Landscape,TDC,Tarkir: Dragonstorm Commander,390,normal,common,1,105062,f8373e5a-94bb-4aa0-bd09-13a01e0cb02a,0.24,false,false,near_mint,en,USD,2026-06-30T00:44:13.060Z
Non-Basic Lands,binder,Thornwood Falls,FDN,Foundations,269,normal,common,1,100424,42799f51-0f8c-444b-974e-dae281a5c697,0.22,false,false,near_mint,en,USD,2026-06-30T00:44:13.059Z
Non-Basic Lands,binder,Raging Ravine,ECC,Lorwyn Eclipsed Commander,160,normal,rare,1,110480,3964c3a5-3ce7-4b73-89ec-ed1b9799aef8,0.18,false,false,near_mint,en,USD,2026-06-30T00:44:13.057Z
Non-Basic Lands,binder,Exotic Orchard,ECC,Lorwyn Eclipsed Commander,148,normal,rare,1,110638,dc0a1bc1-ba94-4494-a196-5363fde85194,0.32,false,false,near_mint,en,USD,2026-06-30T00:44:13.056Z
Non-Basic Lands,binder,Scoured Barrens,DFT,Aetherdrift,263,normal,common,1,103221,ac52be0c-49f4-4956-820e-bdd7d2744d2f,0.22,false,false,near_mint,en,USD,2026-06-30T00:44:13.055Z
Non-Basic Lands,binder,Dismal Backwater,DFT,Aetherdrift,254,normal,common,1,103357,f20aef3f-79f6-4357-8631-1d141f437def,0.15,false,false,near_mint,en,USD,2026-06-30T00:44:13.054Z
Non-Basic Lands,binder,Night Market,DFT,Aetherdrift,258,normal,common,1,103214,a8c1dce3-6136-4294-9d2b-5ef8527d733b,0.26,false,false,near_mint,en,USD,2026-06-30T00:44:13.053Z
Non-Basic Lands,binder,Blossoming Sands,TDM,Tarkir: Dragonstorm,251,normal,common,1,104239,0a9df994-e0f4-4919-af99-4f643eb9199c,0.25,false,false,near_mint,en,USD,2026-06-30T00:44:13.052Z
Non-Basic Lands,binder,Avishkar Raceway,DFT,Aetherdrift,249,normal,common,1,102894,08a6b378-c7fa-4226-a310-4ee7e550b4d6,0.25,false,false,near_mint,en,USD,2026-06-30T00:44:13.051Z
Non-Basic Lands,binder,Hidden Necropolis,LCI,The Lost Caverns of Ixalan,275,normal,common,2,89040,f67fd04f-05da-4418-97de-abeb7346cc69,0.21,false,false,near_mint,en,USD,2026-06-30T00:44:13.048Z
Non-Basic Lands,binder,Deceptive Landscape,TDC,Tarkir: Dragonstorm Commander,356,normal,common,1,104909,ba863744-929b-43f3-a773-342ba3437b18,0.22,false,false,near_mint,en,USD,2026-06-30T00:44:13.047Z
Non-Basic Lands,binder,Twisted Landscape,MH3,Modern Horizons 3,232,normal,common,1,94815,d0e3e7b3-7ba9-47a2-b46c-a40bffb445e2,0.25,false,false,near_mint,en,USD,2026-06-30T00:44:13.044Z
Non-Basic Lands,binder,Scene of the Crime,MKM,Murders at Karlov Manor,267,normal,uncommon,1,91247,de039992-631b-4feb-a522-acdb0a6d1f26,0.32,false,false,near_mint,en,USD,2026-06-30T00:44:13.041Z
Non-Basic Lands,binder,Simic Growth Chamber,DSC,Duskmourn: House of Horror Commander,298,normal,uncommon,1,99076,212d97c5-c144-483b-b42e-00623477e928,0.68,false,false,near_mint,en,USD,2026-06-30T00:44:13.040Z
Non-Basic Lands,binder,Reliquary Tower,TDC,Tarkir: Dragonstorm Commander,386,normal,uncommon,1,104714,6be3be55-7f9d-4a4c-b916-a1cb64f833c8,2.8,false,false,near_mint,en,USD,2026-06-30T00:44:13.038Z
Non-Basic Lands,binder,Sunken Citadel,LCI,The Lost Caverns of Ixalan,285,normal,rare,1,88428,3e1c9b1a-e306-47bb-9f68-2083660319c0,0.41,false,false,near_mint,en,USD,2026-06-30T00:44:13.035Z
Non-Basic Lands,binder,Hissing Quagmire,EOS,Edge of Eternities: Stellar Sights,19,normal,rare,1,107561,d9bb686f-d66d-4de3-9497-a7d23d5c87b7,0.39,false,false,near_mint,en,USD,2026-06-30T00:44:13.034Z
Non-Basic Lands,binder,Wandering Fumarole,EOS,Edge of Eternities: Stellar Sights,45,normal,rare,1,107482,89d53010-d85f-48e4-bf75-c02e8942f508,0.39,false,false,near_mint,en,USD,2026-06-30T00:44:13.033Z
Non-Basic Lands,binder,Endless Sands,EOS,Edge of Eternities: Stellar Sights,15,normal,rare,1,106949,0d79548c-bcef-46b5-929c-efbaf72cb29e,0.38,false,false,near_mint,en,USD,2026-06-30T00:44:13.032Z
Non-Basic Lands,binder,Lavaclaw Reaches,EOS,Edge of Eternities: Stellar Sights,22,normal,rare,1,107435,5766b7ed-eb92-4c53-a5ad-577b5466ff6f,0.4,false,false,near_mint,en,USD,2026-06-30T00:44:13.031Z
Non-Basic Lands,binder,Glittering Massif,EOC,Edge of Eternities Commander,22,normal,rare,1,107327,c6ab42e4-4c87-4fc1-b7a9-1c0ff7d791fb,0.3,false,false,near_mint,en,USD,2026-06-30T00:44:13.030Z
Non-Basic Lands,binder,Savage Lands,ECC,Lorwyn Eclipsed Commander,165,normal,uncommon,2,110501,55187461-2ff3-424b-85d5-2ca09567d44e,0.32,false,false,near_mint,en,USD,2026-06-30T00:44:13.029Z
Non-Basic Lands,binder,Mirage Mesa,OTJ,Outlaws of Thunder Junction,262,normal,common,1,93337,c3d2e816-c06d-4c5d-98fe-c350d8cfab27,0.21,false,false,near_mint,en,USD,2026-06-30T00:44:13.027Z
Non-Basic Lands,binder,Eroded Canyon,OTJ,Outlaws of Thunder Junction,256,normal,common,1,93177,5c9d080f-28d7-41d6-a4e0-5b3e3a5ed770,0.29,false,false,near_mint,en,USD,2026-06-30T00:44:13.026Z
Non-Basic Lands,binder,Selesnya Sanctuary,CLU,Ravnica: Clue Edition,246,normal,common,1,91337,fdc53c6a-8e28-4314-9bcf-b31b6c6f56d7,0.25,false,false,near_mint,en,USD,2026-06-30T00:44:13.025Z
Non-Basic Lands,binder,Selesnya Guildgate,C17,Commander 2017,279,normal,common,1,4176,4c1d26ae-d775-4cd4-afc1-139021d77543,0.29,false,false,near_mint,en,USD,2026-06-30T00:44:13.024Z
Non-Basic Lands,binder,Creosote Heath,OTJ,Outlaws of Thunder Junction,255,normal,common,1,93339,c5523dac-7aa0-4486-89c8-3b22a1411f26,0.35,false,false,near_mint,en,USD,2026-06-30T00:44:13.023Z
Non-Basic Lands,binder,Lonely Arroyo,OTJ,Outlaws of Thunder Junction,260,normal,common,1,93150,4b778b63-e5fc-4d63-a93b-4372f32cade2,0.29,false,false,near_mint,en,USD,2026-06-30T00:44:13.022Z
Non-Basic Lands,binder,Conduit Pylons,OTJ,Outlaws of Thunder Junction,254,normal,common,1,93183,5ffa48cc-b991-4d47-b7ec-cf678915c758,0.3,false,false,near_mint,en,USD,2026-06-30T00:44:13.021Z
Non-Basic Lands,binder,Festering Gulch,OTJ,Outlaws of Thunder Junction,257,normal,common,1,93148,4ad841eb-da0d-43d4-8b60-efe30922990b,0.32,false,false,near_mint,en,USD,2026-06-30T00:44:13.020Z
Non-Basic Lands,binder,The Seedcore,ONE,Phyrexia: All Will Be One,259,normal,rare,1,78459,29c91aad-bf33-448e-b122-65940fb2e33b,0.33,false,false,near_mint,en,USD,2026-06-30T00:44:13.018Z
Non-Basic Lands,binder,Simic Guildgate,FDN,Foundations,695,normal,common,1,100853,96590855-1ee5-4d69-9070-776e23f71976,0.1,false,false,near_mint,en,USD,2026-06-30T00:44:13.016Z
Non-Basic Lands,binder,Izzet Boilerworks,M3C,Modern Horizons 3 Commander,350,normal,uncommon,1,94795,af8535f9-463e-4963-94db-db0e22605275,0.38,false,false,near_mint,en,USD,2026-06-30T00:44:13.015Z
Non-Basic Lands,binder,Barbarian Ring,MH3,Modern Horizons 3,299,normal,uncommon,1,94603,c184406c-b22c-4b9b-9d3a-3e7b17efd8a0,0.32,false,false,near_mint,en,USD,2026-06-30T00:44:13.014Z
Non-Basic Lands,binder,Oakhollow Village,BLB,Bloomburrow,258,normal,uncommon,1,95624,0d49b016-b02b-459f-85e9-c04f6bdcb94e,0.4,false,false,near_mint,en,USD,2026-06-30T00:44:13.013Z
Non-Basic Lands,binder,Thriving Grove,ECC,Lorwyn Eclipsed Commander,171,normal,common,1,110490,434904b5-3614-4843-9cc0-03da115bdbef,0.29,false,false,near_mint,en,USD,2026-06-30T00:44:13.012Z
Non-Basic Lands,binder,Vivid Revival,GRN,Guilds of Ravnica,148,normal,rare,1,335,9e67fcfd-0e9e-4b88-8c65-2125fac10a3d,0.22,false,false,near_mint,en,USD,2026-06-30T00:44:13.010Z
Non-Basic Lands,binder,Hidden Cataract,M3C,Modern Horizons 3 Commander,348,normal,common,2,95004,a3b53320-57bf-4b9f-903d-f14ff0afdd19,0.23,false,false,near_mint,en,USD,2026-06-30T00:44:13.011Z
Non-Basic Lands,binder,Scoured Barrens,TDM,Tarkir: Dragonstorm,267,normal,common,2,104346,b4b47b80-69ed-44b0-afa0-ca90206dc16d,0.21,false,false,near_mint,en,USD,2026-06-30T00:44:13.017Z
Non-Basic Lands,binder,Bountiful Landscape,TDC,Tarkir: Dragonstorm Commander,342,normal,common,2,105048,f1c99617-6e38-4af7-a064-6db9a5e2cc6a,0.24,false,false,near_mint,en,USD,2026-06-30T00:44:13.019Z
Non-Basic Lands,binder,Terramorphic Expanse,TDC,Tarkir: Dragonstorm Commander,408,normal,common,2,104843,9ff6e014-4811-44df-a7f8-a667a4a01f4f,0.36,false,false,near_mint,en,USD,2026-06-30T00:44:13.028Z
Non-Basic Lands,binder,Lakeside Shack,DSK,Duskmourn: House of Horror,262,normal,common,2,98660,a9367acd-393a-4966-ba60-af2ecd4e7596,0.21,false,false,near_mint,en,USD,2026-06-30T00:44:13.036Z
Non-Basic Lands,binder,Razortrap Gorge,DSK,Duskmourn: House of Horror,267,normal,common,3,98654,98d0d067-b52d-47ec-ba7b-8cfcd716c0e5,0.27,false,false,near_mint,en,USD,2026-06-30T00:44:13.037Z
Non-Basic Lands,binder,Crystal Grotto,WOE,Wilds of Eldraine,254,normal,common,2,85479,6f6f9d3d-600d-43f3-a915-612e5d53aaa1,0.28,false,false,near_mint,en,USD,2026-06-30T00:44:13.039Z
Non-Basic Lands,binder,Sheltering Landscape,MH3,Modern Horizons 3,227,normal,common,3,94708,0fe070f4-8877-4280-b8fd-869f3ac34ab6,0.2,false,false,near_mint,en,USD,2026-06-30T00:44:13.043Z
Non-Basic Lands,binder,Lush Oasis,M3C,Modern Horizons 3 Commander,356,normal,common,2,95013,ba0932e2-30da-478d-b295-40db01556eb0,0.23,false,false,near_mint,en,USD,2026-06-30T00:44:13.045Z
Non-Basic Lands,binder,Neglected Manor,DSK,Duskmourn: House of Horror,264,normal,common,2,98608,11cf1531-8a3c-4e28-a114-d3a342b33bb6,0.25,false,false,near_mint,en,USD,2026-06-30T00:44:13.046Z
Non-Basic Lands,binder,Hidden Grotto,BLB,Bloomburrow,254,normal,common,2,95918,4ba8f2e7-8357-4862-97dc-1942d066023a,0.24,false,false,near_mint,en,USD,2026-06-30T00:44:13.050Z
Non-Basic Lands,binder,Swiftwater Cliffs,FDN,Foundations,268,normal,common,2,101389,fb88667d-7088-4889-960f-317486ebe856,0.25,false,false,near_mint,en,USD,2026-06-30T00:44:13.058Z
Non-Basic Lands,binder,Seething Landscape,MH3,Modern Horizons 3,225,normal,common,3,94751,661fc907-7003-45c6-820c-9616e9a71c30,0.25,false,false,near_mint,en,USD,2026-06-30T00:44:13.062Z
Non-Basic Lands,binder,Captivating Cave,LCI,The Lost Caverns of Ixalan,268,normal,common,2,88323,1d1a645e-85c7-4044-b817-6e24744d245e,0.21,false,false,near_mint,en,USD,2026-06-30T00:44:13.063Z
Non-Basic Lands,binder,Command Bridge,EOE,Edge of Eternities,252,normal,common,4,106926,247670d2-a7cd-4ed7-9c77-704c7962b815,0.27,false,false,near_mint,en,USD,2026-06-30T00:44:13.071Z
Non-Basic Lands,binder,Wind-Scarred Crag,TDM,Tarkir: Dragonstorm,271,normal,common,2,104286,4912e4d0-b16a-4aa6-a583-3430d26bd591,0.2,false,false,near_mint,en,USD,2026-06-30T00:44:13.072Z
Non-Basic Lands,binder,Rugged Highlands,TDM,Tarkir: Dragonstorm,265,normal,common,2,104267,31261eca-28ad-407c-84ef-0c124d0d7451,0.19,false,false,near_mint,en,USD,2026-06-30T00:44:13.074Z
Non-Basic Lands,binder,Sandsteppe Citadel,ECC,Lorwyn Eclipsed Commander,164,normal,uncommon,2,110643,e7482def-e87e-4a7f-9c18-7859483b2a66,0.3,false,false,near_mint,en,USD,2026-06-30T00:44:13.079Z
Non-Basic Lands,binder,Forgotten Monument,LCI,The Lost Caverns of Ixalan,272,normal,uncommon,2,88953,de8c1c02-e533-46b2-a3eb-91dff561854b,0.21,false,false,near_mint,en,USD,2026-06-30T00:44:13.084Z
Non-Basic Lands,binder,Stone Quarry,M19,Core Set 2019,256,normal,common,1,1056,bac2b853-f788-4b29-a76d-880da61ad91a,0.2,false,false,near_mint,en,USD,2026-07-11T19:01:36.779Z
Non-Basic Lands,binder,Rakdos Carnarium,ECC,Lorwyn Eclipsed Commander,161,normal,uncommon,1,110454,20c799a9-ab94-46e6-9111-00505e071c41,0.35,false,false,near_mint,en,USD,2026-07-11T19:01:36.778Z
Non-Basic Lands,binder,Frontier Bivouac,DRC,Aetherdrift Commander,157,normal,uncommon,1,103163,8e629e32-c3c3-4582-b319-e70b8fd6403d,0.28,false,false,near_mint,en,USD,2026-07-11T19:01:36.777Z
Non-Basic Lands,binder,Rupture Spire,CMR,Commander Legends,355,normal,common,1,56188,c7ef4b15-efab-4255-ac2d-7794f253aa52,0.17,false,false,near_mint,en,USD,2026-07-11T19:01:36.776Z
Non-Basic Lands,binder,Jungle Hollow,C19,Commander 2019,254,normal,common,1,45680,7fc11a2d-7592-46ca-9e9c-fa14c21dc38c,0.17,false,false,near_mint,en,USD,2026-07-11T19:01:36.775Z
Non-Basic Lands,binder,Shadowblood Ridge,C20,Commander 2020,309,normal,rare,1,50109,093fd241-d251-41a0-8363-0b4238a9bbea,0.28,false,false,near_mint,en,USD,2026-07-11T19:01:36.773Z
Non-Basic Lands,binder,Rugged Highlands,FDN,Foundations,265,normal,common,1,101400,fd6eaf8e-8881-4d7b-bafc-75e4ca5cbef6,0.29,false,false,near_mint,en,USD,2026-07-11T19:01:36.772Z
Non-Basic Lands,binder,Rogue's Passage,FDN,Foundations,264,normal,uncommon,1,100922,a2a424ea-ef32-4ac5-8f8c-3ea1839f01d4,0.39,false,false,near_mint,en,USD,2026-07-11T19:01:36.770Z
Non-Basic Lands,binder,Hidden Volcano,LCI,The Lost Caverns of Ixalan,277,normal,common,1,88749,9fa06aed-52c1-48f1-9906-362db12a3cf7,0.25,false,false,near_mint,en,USD,2026-07-11T19:01:36.769Z
Non-Basic Lands,binder,Dismal Backwater,M20,Core Set 2020,245,normal,common,1,45215,a5ff247f-82d1-4b79-9ac0-1471a1f0f58b,0.21,false,false,near_mint,en,USD,2026-07-11T19:01:36.768Z
Non-Basic Lands,binder,Swiftwater Cliffs,BLB,Bloomburrow,397,normal,common,1,96078,89e43510-c444-4b2e-b2a0-528dcc09c899,0.14,false,false,near_mint,en,USD,2026-07-11T19:01:36.767Z
Non-Basic Lands,binder,Crumbling Necropolis,NCC,New Capenna Commander,397,normal,uncommon,1,68438,e0f698f6-28b6-499e-af63-c223c02c3b4b,0.38,false,false,near_mint,en,USD,2026-07-11T19:01:36.766Z
Non-Basic Lands,binder,Opulent Palace,OTC,Outlaws of Thunder Junction Commander,307,normal,uncommon,1,93892,dc691e02-c914-468d-8051-de1289171183,0.41,false,false,near_mint,en,USD,2026-07-11T19:01:36.765Z
Non-Basic Lands,binder,Ash Barrens,TDC,Tarkir: Dragonstorm Commander,339,normal,common,1,105054,f5314520-b8af-4416-b57c-74388542ecb6,0.36,false,false,near_mint,en,USD,2026-07-11T19:01:36.764Z
Non-Basic Lands,binder,Transguild Promenade,CMR,Commander Legends,499,normal,common,1,56144,a0baaa39-7fce-4feb-9118-b1d6bc24f548,0.35,false,false,near_mint,en,USD,2026-07-11T19:01:36.763Z
Non-Basic Lands,binder,Evolving Wilds,DSC,Duskmourn: House of Horror Commander,274,normal,common,1,99386,e524216c-ed35-49a3-868f-7ad0a0027a80,0.31,false,false,near_mint,en,USD,2026-07-11T19:01:36.762Z
Non-Basic Lands,binder,Command Tower,M3C,Modern Horizons 3 Commander,331,normal,common,1,94722,27e36832-09ca-4070-8511-94580014c3ed,0.48,false,false,near_mint,en,USD,2026-07-11T19:01:36.761Z
Non-Basic Lands,binder,Hidden Nursery,M3C,Modern Horizons 3 Commander,349,normal,common,1,95076,fcd447b3-4d96-4d85-924d-2c5043ba054f,0.25,false,false,near_mint,en,USD,2026-07-11T19:01:36.759Z
Non-Lands,binder,Champion of Dusan,TDM,Tarkir: Dragonstorm,137,foil,common,1,105164,c51dcdab-38ee-4804-8859-09adc353c182,0.22,false,false,near_mint,en,USD,2026-06-30T00:54:57.496Z
Non-Lands,binder,Prismabasher,ECL,Lorwyn Eclipsed,188,normal,uncommon,1,110761,65c057a7-70af-4464-bd8d-1e7e158d1ae7,0.2,false,false,near_mint,en,USD,2026-06-30T00:54:57.495Z
Non-Lands,binder,Treetop Sentries,BLB,Bloomburrow,201,normal,common,1,95974,e16d4d6e-1fe5-4ff6-9877-8c849a24f5e0,0.22,false,false,near_mint,en,USD,2026-06-30T00:54:57.493Z
Non-Lands,binder,Bushy Bodyguard,BLB,Bloomburrow,166,normal,uncommon,1,95997,0de60cf7-fa82-4b6f-9f88-6590fba5c863,0.23,false,false,near_mint,en,USD,2026-06-30T00:54:57.491Z
Non-Lands,binder,Cenote Scout,LCI,The Lost Caverns of Ixalan,178,foil,uncommon,1,88481,4ce4b7bc-636b-4723-a7c1-2c859f333492,0.31,false,false,near_mint,en,USD,2026-06-30T00:54:57.490Z
Non-Lands,binder,Hamlet Captain,INR,Innistrad Remastered,201,normal,uncommon,1,102406,06e5d76a-0cec-40e0-b694-2b5c8484f6c0,0.07,false,false,near_mint,en,USD,2026-06-30T00:54:57.488Z
Non-Lands,binder,Pothole Mole,DFT,Aetherdrift,176,foil,common,1,103442,21c7b59f-fdae-4a11-9784-497a8165d75a,0.13,false,false,near_mint,en,USD,2026-06-30T00:54:57.486Z
Non-Lands,binder,Ambush Viper,INR,Innistrad Remastered,186,normal,common,1,102491,37f9be6b-ae6e-4708-9749-83bebd351102,0.33,false,false,near_mint,en,USD,2026-06-30T00:54:57.485Z
Non-Lands,binder,Intrepid Provisioner,INR,Innistrad Remastered,205,normal,common,1,102854,fb0b9da3-bce8-463c-ab5e-2a2e9030df97,0.04,false,false,near_mint,en,USD,2026-06-30T00:54:57.484Z
Non-Lands,binder,Moldgraf Millipede,INR,Innistrad Remastered,208,normal,common,1,102499,3a163ec7-4c9a-4d45-965c-e5ddeb07a3e0,0.13,false,false,near_mint,en,USD,2026-06-30T00:54:57.483Z
Non-Lands,binder,Virulent Emissary,ECL,Lorwyn Eclipsed,202,normal,uncommon,1,110291,0702efed-915e-466a-96bb-ac09af06b21e,0.84,false,false,near_mint,en,USD,2026-06-30T00:54:57.482Z
Non-Lands,binder,Dawn's Light Archer,ECL,Lorwyn Eclipsed,174,normal,common,1,110771,76e80656-6bcb-4d99-8bd2-ca5f75f40daf,0.09,false,false,near_mint,en,USD,2026-06-30T00:54:57.477Z
Non-Lands,binder,Raucous Entertainer,OTJ,Outlaws of Thunder Junction,177,normal,uncommon,1,93254,8dc3cbfe-410f-40e3-8021-647a2efb50bf,0.16,false,false,near_mint,en,USD,2026-06-30T00:54:57.476Z
Non-Lands,binder,Hardbristle Bandit,OTJ,Outlaws of Thunder Junction,168,normal,common,3,93347,cbe544fb-93b7-4640-b886-cb0b3e437357,0.19,false,false,near_mint,en,USD,2026-06-30T00:54:57.475Z
Non-Lands,binder,Beastbond Outcaster,OTJ,Outlaws of Thunder Junction,154,normal,uncommon,1,93035,073b9ae8-8ac3-4824-aec4-84a80531aa23,0.17,false,false,near_mint,en,USD,2026-06-30T00:54:57.474Z
Non-Lands,binder,Voracious Varmint,OTJ,Outlaws of Thunder Junction,188,normal,common,2,93279,99b74fa3-c1d7-4780-977d-f2d6663a529a,0.09,false,false,near_mint,en,USD,2026-06-30T00:54:57.473Z
Non-Lands,binder,Sagu Wildling // Roost Seek,TDM,Tarkir: Dragonstorm,157,normal,common,1,104994,d8b43b00-f4d1-436c-bf3f-6d414cd4ce38,0.39,false,false,near_mint,en,USD,2026-06-30T00:54:57.471Z
Non-Lands,binder,Traveling Botanist,TDM,Tarkir: Dragonstorm,164,normal,uncommon,1,104788,890b11b4-777a-4f1e-8c4d-21c5ebbfb0a2,0.24,false,false,near_mint,en,USD,2026-06-30T00:54:57.470Z
Non-Lands,binder,Sultai Devotee,TDM,Tarkir: Dragonstorm,160,normal,common,2,104358,c32487e9-f3ac-472e-b6ea-81bd9254770c,0.14,false,false,near_mint,en,USD,2026-06-30T00:54:57.469Z
Non-Lands,binder,Affectionate Indrik,FDN,Foundations,211,normal,uncommon,1,100310,2da8347d-06a4-46e0-a55e-cc2da4660263,0.13,false,false,near_mint,en,USD,2026-06-30T00:54:57.468Z
Non-Lands,binder,Fierce Witchstalker,ELD,Throne of Eldraine,154,normal,common,1,46184,d63a6be2-ae9a-4758-9d5c-0297ef9af57c,0.13,false,false,near_mint,en,USD,2026-06-30T00:54:57.467Z
Non-Lands,binder,Fecund Greenshell,BLB,Bloomburrow,171,normal,rare,1,96071,80b3e815-0e2e-4325-b1d5-5531b7b92da6,0.93,false,false,near_mint,en,USD,2026-06-30T00:54:57.466Z
Non-Lands,binder,Omnivorous Flytrap,DSK,Duskmourn: House of Horror,192,normal,rare,1,98815,4370a197-68cc-46dd-bf0a-e9dab4ff6638,0.22,false,false,near_mint,en,USD,2026-06-30T00:54:57.465Z
Non-Lands,binder,Balustrade Wurm,DSK,Duskmourn: House of Horror,168,normal,rare,1,98848,76610e6e-b60f-494f-bb11-68371eb494f2,0.28,false,false,near_mint,en,USD,2026-06-30T00:54:57.464Z
Non-Lands,binder,Drix Fatemaker,EOE,Edge of Eternities,178,normal,common,4,107381,1beb7566-305e-4091-bdc4-cf4c789ac05a,0.14,false,false,near_mint,en,USD,2026-06-30T00:54:57.463Z
Non-Lands,binder,Lys Alana Dignitary,ECL,Lorwyn Eclipsed,180,normal,uncommon,2,110793,94e8d6a9-7aa3-4e93-8e4d-e50da7ff09d2,0.27,false,false,near_mint,en,USD,2026-06-30T00:54:57.455Z
Non-Lands,binder,Spineseeker Centipede,DSK,Duskmourn: House of Horror,199,normal,common,2,98904,b50d697c-8358-429b-8f79-7ad9d01a5edd,0.19,false,false,near_mint,en,USD,2026-06-30T00:54:57.453Z
Non-Lands,binder,Brambleguard Veteran,BLB,Bloomburrow,165,normal,uncommon,1,95880,bac9f6f8-6797-4580-9fc4-9a825872e017,0.19,false,false,near_mint,en,USD,2026-06-30T00:54:57.452Z
Non-Lands,binder,Bark-Knuckle Boxer,BLB,Bloomburrow,164,normal,uncommon,1,95921,582637a9-6aa0-4824-bed7-d5fc91bda35e,0.17,false,false,near_mint,en,USD,2026-06-30T00:54:57.451Z
Non-Lands,binder,Pathfinding Axejaw,LCI,The Lost Caverns of Ixalan,206,normal,common,1,88746,9f619075-ca5d-4e09-bd84-31e6b61eaa7e,0.14,false,false,near_mint,en,USD,2026-06-30T00:54:57.449Z
Non-Lands,binder,Copper Longlegs,ONE,Phyrexia: All Will Be One,165,normal,common,1,78963,f8855fbf-4f1e-4c44-9653-bbbfc3f2fafd,0.26,false,false,near_mint,en,USD,2026-06-30T00:54:57.448Z
Non-Lands,binder,Gnarlid Colony,FDN,Foundations,224,normal,common,1,101508,47565d10-96bf-4fb0-820f-f20a44a76b6f,0.18,false,false,near_mint,en,USD,2026-06-30T00:54:57.447Z
Non-Lands,binder,Hydra Trainer,MH3,Modern Horizons 3,159,normal,uncommon,1,94557,9d28ae5c-eec3-445a-81d6-42bf9789afce,0.23,false,false,near_mint,en,USD,2026-06-30T00:54:57.446Z
Non-Lands,binder,Cautious Survivor,DSK,Duskmourn: House of Horror,172,normal,common,2,98937,ee2b4c1a-e058-4e06-bc46-e250fd9c9b54,0.04,false,false,near_mint,en,USD,2026-06-30T00:54:57.441Z
Non-Lands,binder,House Cartographer,DSK,Duskmourn: House of Horror,185,normal,uncommon,2,98799,2a534918-a009-4f7d-87c9-5ef600b6e7c2,0.3,false,false,near_mint,en,USD,2026-06-30T00:54:57.440Z
Non-Lands,binder,Mayor of Avabruck // Howlpack Alpha,INR,Innistrad Remastered,207,normal,rare,1,102839,ef84540b-a132-4169-b3c0-b0edeb395c9b,0.64,false,false,near_mint,en,USD,2026-06-30T00:54:57.438Z
Non-Lands,binder,Tough Cookie,WOE,Wilds of Eldraine,193,normal,uncommon,1,85513,7aa37f85-5336-4372-97a2-9c8b00798c7a,0.29,false,false,near_mint,en,USD,2026-06-30T00:54:57.437Z
Non-Lands,binder,Orchard Strider,MH2,Modern Horizons 2,169,normal,common,1,59501,386da156-59cd-4b96-9276-a7cb2ddd0421,0.19,false,false,near_mint,en,USD,2026-06-30T00:54:57.436Z
Non-Lands,binder,Karametra's Acolyte,THS,Theros,160,normal,uncommon,1,15504,374a1b7c-ce11-4734-aff2-b0bd00857fad,0.44,false,false,near_mint,en,USD,2026-06-30T00:54:57.435Z
Non-Lands,binder,Avacyn's Pilgrim,MIC,Midnight Hunt Commander,132,normal,common,1,63658,a390a7df-b8da-41aa-93e5-2c0db938a27e,0.68,false,false,near_mint,en,USD,2026-06-30T00:54:57.432Z
Non-Lands,binder,Skystinger,EOE,Edge of Eternities,207,normal,common,1,107777,dfea9941-3675-4c0f-bc4d-981c28deed36,0.08,false,false,near_mint,en,USD,2026-06-30T00:54:57.429Z
Non-Lands,binder,Yasova Dragonclaw,FRF,Fate Reforged,148,normal,rare,1,11978,490994c6-9fef-482b-835d-a64350bfaa8d,0.22,false,false,near_mint,en,USD,2026-06-30T00:54:57.426Z
Non-Lands,binder,Wirewood Symbiote,MH3,Modern Horizons 3,288,normal,uncommon,2,94627,d237f5cc-2b9b-4929-9697-72078bac4c77,0.23,false,false,near_mint,en,USD,2026-06-30T00:54:57.424Z
Non-Lands,binder,Nyxborn Hydra,MH3,Modern Horizons 3,164,normal,common,6,94538,902a969e-9f22-4e92-93eb-9d4536ca82e5,0.25,false,false,near_mint,en,USD,2026-06-30T00:54:57.423Z
Non-Lands,binder,Basking Broodscale,MH3,Modern Horizons 3,145,normal,common,1,94470,5feba5d6-99a6-4e9b-8a7d-90d955868fc3,0.21,false,false,near_mint,en,USD,2026-06-30T00:54:57.422Z
Non-Lands,binder,Stickytongue Sentinel,BLB,Bloomburrow,193,normal,common,1,96105,b5fa9651-b217-4f93-9c46-9bdb11feedcb,0.27,false,false,near_mint,en,USD,2026-06-30T00:54:57.421Z
Non-Lands,binder,Galewind Moose,BLB,Bloomburrow,173,normal,uncommon,1,95871,58706bd8-558a-43b9-9f1e-c1ff0044203b,0.16,false,false,near_mint,en,USD,2026-06-30T00:54:57.420Z
Non-Lands,binder,Defiant Survivor,DSK,Duskmourn: House of Horror,175,normal,uncommon,1,98806,327772f3-5a87-47af-9308-c1119ad2711d,0.13,false,false,near_mint,en,USD,2026-06-30T00:54:57.419Z
Non-Lands,binder,Fear of Exposure,DSK,Duskmourn: House of Horror,177,foil,uncommon,2,99256,93bb4abc-5af1-4cf5-919b-244b6a36f8ec,0.17,false,false,near_mint,en,USD,2026-06-30T00:54:57.418Z
Non-Lands,binder,Ankle Biter,OTJ,Outlaws of Thunder Junction,153,normal,common,1,93136,424972d6-3b2c-449b-b786-749a77020fa1,0.1,false,false,near_mint,en,USD,2026-06-30T00:54:57.416Z
Non-Lands,binder,Vitu-Ghazi Inspector,MKM,Murders at Karlov Manor,183,normal,common,1,90927,664d15d7-2724-4a9b-b5a7-8042d4b7da7b,0.21,false,false,near_mint,en,USD,2026-06-30T00:54:57.415Z
Non-Lands,binder,Sandstalker Moloch,MOM,March of the Machine,203,normal,uncommon,1,81261,eb17b083-413b-4a09-a935-ac27594e3bd6,0.09,false,false,near_mint,en,USD,2026-06-30T00:54:57.414Z
Non-Lands,binder,Ravenous Sailback,MOM,March of the Machine,202,normal,uncommon,1,81179,a225cb30-9f3e-4cfa-bdd6-a7c73c95ea2b,0.26,false,false,near_mint,en,USD,2026-06-30T00:54:57.413Z
Non-Lands,binder,Germinating Wurm,EOE,Edge of Eternities,187,normal,common,1,107792,fcde173a-6314-4904-bddd-68b2ab1e4867,0.2,false,false,near_mint,en,USD,2026-06-30T00:54:57.412Z
Non-Lands,binder,Stubborn Burrowfiend,OTJ,Outlaws of Thunder Junction,184,normal,uncommon,1,93206,6d963eb4-d20b-4d3f-bf5d-c75f7bcb9670,0.17,false,false,near_mint,en,USD,2026-06-30T00:54:57.409Z
Non-Lands,binder,Armored Kincaller,LCI,The Lost Caverns of Ixalan,174,normal,common,2,88834,b76a46a1-a63e-460a-98c5-699dd1c827aa,0.15,false,false,near_mint,en,USD,2026-06-30T00:54:57.408Z
Non-Lands,binder,Cavern Stomper,LCI,The Lost Caverns of Ixalan,177,normal,common,1,88957,decdfd6b-55ab-47fd-9f98-1845261f1caf,0.16,false,false,near_mint,en,USD,2026-06-30T00:54:57.407Z
Non-Lands,binder,Malamet Veteran,LCI,The Lost Caverns of Ixalan,201,normal,common,3,88473,4b9b16b3-1cbd-4b63-85b2-e4053dfc1e93,0.18,false,false,near_mint,en,USD,2026-06-30T00:54:57.405Z
Non-Lands,binder,Cryptid Inspector,DSK,Duskmourn: House of Horror,174,normal,common,3,98858,820c2932-2e23-4f67-92d0-a630aec6f1b4,0.1,false,false,near_mint,en,USD,2026-06-30T00:54:57.410Z
Non-Lands,binder,Intrepid Tenderfoot,EOE,Edge of Eternities,193,normal,common,4,107740,809df0ea-deff-47b9-83df-cc1f360d377e,0.08,false,false,near_mint,en,USD,2026-06-30T00:54:57.411Z
Non-Lands,binder,Hazardroot Herbalist,BLB,Bloomburrow,174,normal,uncommon,2,96130,e2882982-b3a3-4762-a550-6b82db1038e8,0.25,false,false,near_mint,en,USD,2026-06-30T00:54:57.417Z
Non-Lands,binder,Fungal Colossus,EOE,Edge of Eternities,184,normal,common,5,107502,9dc9559f-cece-4c85-807c-158291666007,0.13,false,false,near_mint,en,USD,2026-06-30T00:54:57.427Z
Non-Lands,binder,Thawbringer,EOE,Edge of Eternities,211,normal,common,2,107691,0b7f934f-8eb4-408b-a55f-245ec5cc4a8a,0.06,false,false,near_mint,en,USD,2026-06-30T00:54:57.428Z
Non-Lands,binder,Axebane Guardian,TDC,Tarkir: Dragonstorm Commander,248,normal,common,2,105043,f0282af2-9b3f-4335-92ea-9db9267e8cd2,0.36,false,false,near_mint,en,USD,2026-06-30T00:54:57.430Z
Non-Lands,binder,Gladecover Scout,M14,Magic 2014,176,normal,common,2,15875,e112d77d-f019-4709-b31a-b02952df0e35,0.27,false,false,near_mint,en,USD,2026-06-30T00:54:57.433Z
Non-Lands,binder,Sunshower Druid,BLB,Bloomburrow,195,normal,common,4,95630,7740abc5-54e1-478d-966e-0fa64e727995,0.22,false,false,near_mint,en,USD,2026-06-30T00:54:57.439Z
Non-Lands,binder,Seeker of Sunlight,LCI,The Lost Caverns of Ixalan,210,normal,common,3,89068,ffcdb10f-4bad-4f89-8e7c-daa5c0c69230,0.12,false,false,near_mint,en,USD,2026-06-30T00:54:57.442Z
Non-Lands,binder,Three Tree Rootweaver,BLB,Bloomburrow,198,normal,common,2,96469,d1ab6e14-26e0-4174-b5c6-bc0f5c26b177,0.19,false,false,near_mint,en,USD,2026-06-30T00:54:57.450Z
Non-Lands,binder,Great Forest Druid,ECL,Lorwyn Eclipsed,178,normal,common,2,110554,8793a19e-6743-4031-86d9-2ff55f384549,0.22,false,false,near_mint,en,USD,2026-06-30T00:54:57.454Z
Non-Lands,binder,Safewright Cavalry,ECL,Lorwyn Eclipsed,191,normal,common,2,110870,f7de412a-9731-4bfc-8fbc-c95988a3dd70,0.12,false,false,near_mint,en,USD,2026-06-30T00:54:57.457Z
Non-Lands,binder,Rubbleback Rhino,RTR,Return to Ravnica,132,normal,common,2,17290,51daaf9b-d8a8-49a6-94e1-0c8be2c6188b,0.03,false,false,near_mint,en,USD,2026-06-30T00:54:57.458Z
Non-Lands,binder,Staunch-Hearted Warrior,UMA,Ultimate Masters,185,normal,common,3,43329,c754202d-adc9-4d02-b1b3-ec253f7e637a,0.03,false,false,near_mint,en,USD,2026-06-30T00:54:57.460Z
Non-Lands,binder,Slavering Branchsnapper,DSK,Duskmourn: House of Horror,198,normal,common,2,98709,5ed7ca4d-5895-4074-8315-656363d14862,0.14,false,false,near_mint,en,USD,2026-06-30T00:54:57.487Z
Non-Lands,binder,Spinner of Souls,FDN,Foundations,112,normal,rare,1,101358,f50a8dec-b079-4192-9098-6cdc1026c693,0.37,false,false,near_mint,en,USD,2026-06-30T00:58:08.221Z
Non-Lands,binder,Ichorspit Basilisk,ONE,Phyrexia: All Will Be One,170,normal,common,1,78384,0955b64f-6721-4fa6-b161-cae404cb5b9f,0.24,false,false,near_mint,en,USD,2026-06-30T00:58:08.220Z
Non-Lands,binder,Saurian Symbiote,J25,Foundations Jumpstart,23,normal,common,1,101011,b32224ef-cfd4-42ef-857a-24386590c360,0.27,false,false,near_mint,en,USD,2026-06-30T00:58:08.217Z
Non-Lands,binder,Krotiq Nestguard,TDM,Tarkir: Dragonstorm,148,normal,common,1,104862,a5d0a9fb-1068-478d-a78c-6fd77cc313f0,0.06,false,false,near_mint,en,USD,2026-06-30T00:58:08.216Z
Non-Lands,binder,Maraleaf Rider,ELD,Throne of Eldraine,166,normal,common,1,46172,1b2b198d-493c-4d6c-bfb6-e842728522f6,0.2,false,false,near_mint,en,USD,2026-06-30T00:58:08.214Z
Non-Lands,binder,Verdant Outrider,WOE,Wilds of Eldraine,196,foil,common,1,85707,c34830e4-823a-40fa-ba41-bb2afbf1e499,0.09,false,false,near_mint,en,USD,2026-06-30T00:58:08.212Z
Non-Lands,binder,Skybeast Tracker,WOE,Wilds of Eldraine,185,normal,common,1,85612,a08da5c6-ebe7-4166-99d5-2aca5b0b529f,0.09,false,false,near_mint,en,USD,2026-06-30T00:58:08.211Z
Non-Lands,binder,River Herald Guide,LCI,The Lost Caverns of Ixalan,209,normal,common,1,88742,9ea7e323-f329-4928-b25a-c0b44c5ac058,0.09,false,false,near_mint,en,USD,2026-06-30T00:58:08.208Z
Non-Lands,binder,Germinating Wurm,EOE,Edge of Eternities,187,foil,common,1,107792,fcde173a-6314-4904-bddd-68b2ab1e4867,0.21,false,false,near_mint,en,USD,2026-06-30T00:58:08.202Z
Non-Lands,binder,Quakestrider Ceratops,FDN,Foundations,110,normal,uncommon,1,100120,067f72c2-ead6-4879-bc9d-696c9f87c0b2,0.26,false,false,near_mint,en,USD,2026-06-30T00:58:08.200Z
Non-Lands,binder,Nessian Hornbeetle,FDN,Foundations,229,normal,uncommon,1,100395,3d4d93de-85c6-4653-8ddd-d8bf21516d44,0.17,false,false,near_mint,en,USD,2026-06-30T00:58:08.199Z
Non-Lands,binder,Wildwood Scourge,FDN,Foundations,236,normal,uncommon,2,100359,36359fb6-fb8c-4382-8555-e348422f116c,0.24,false,false,near_mint,en,USD,2026-06-30T00:58:08.198Z
Non-Lands,binder,Treetop Snarespinner,FDN,Foundations,114,normal,common,1,101562,88e68fa3-159d-49a6-8ac6-afc9bd6f1718,0.18,false,false,near_mint,en,USD,2026-06-30T00:58:08.195Z
Non-Lands,binder,Wary Thespian,FDN,Foundations,235,normal,common,1,101574,a3d62d04-0974-4cb5-9a35-5e996c6456e2,0.11,false,false,near_mint,en,USD,2026-06-30T00:58:08.194Z
Non-Lands,binder,Territory Culler,MH3,Modern Horizons 3,173,normal,uncommon,1,94786,9c249aa6-c65c-4572-8e2e-c3899638ecce,0.24,false,false,near_mint,en,USD,2026-06-30T00:58:08.192Z
Non-Lands,binder,Evolving Adaptive,ONE,Phyrexia: All Will Be One,167,normal,uncommon,1,78407,13366c60-1200-4ad2-bbf4-77596121fcd2,0.18,false,false,near_mint,en,USD,2026-06-30T00:58:08.190Z
Non-Lands,binder,Briarbridge Tracker,MID,Innistrad: Midnight Hunt,172,normal,rare,1,63472,e215a7bd-112f-4228-a99e-5a8cb4be5cee,0.08,false,false,near_mint,en,USD,2026-06-30T00:58:08.189Z
Non-Lands,binder,Spinewoods Armadillo,OTJ,Outlaws of Thunder Junction,182,normal,uncommon,1,93429,f79d63e7-a8c6-4750-91c9-c575a4d0561b,0.21,false,false,near_mint,en,USD,2026-06-30T00:58:08.187Z
Non-Lands,binder,Cactarantula,OTJ,Outlaws of Thunder Junction,158,normal,common,1,93103,2e0e27f9-dc2c-4366-b810-3e8d0bdff8c3,0.06,false,false,near_mint,en,USD,2026-06-30T00:58:08.185Z
Non-Lands,binder,Undergrowth Leopard,TDM,Tarkir: Dragonstorm,165,foil,common,1,104307,67ab8f9a-b17c-452f-b4ef-a3f91909e3de,0.26,false,false,near_mint,en,USD,2026-06-30T00:58:08.184Z
Non-Lands,binder,Bashful Beastie,DSK,Duskmourn: House of Horror,169,normal,common,2,98909,c20fa7ee-a4c2-4eb0-9467-195f3b894fa0,0.09,false,false,near_mint,en,USD,2026-06-30T00:58:08.182Z
Non-Lands,binder,Anthropede,DSK,Duskmourn: House of Horror,167,normal,common,1,98824,51216ab0-9806-4faa-afbd-143e95dc255b,0.03,false,false,near_mint,en,USD,2026-06-30T00:58:08.181Z
Non-Lands,binder,Rootwise Survivor,DSK,Duskmourn: House of Horror,196,normal,uncommon,1,98926,d843c242-088f-4131-9e52-7ee2d0db5e20,0.05,false,false,near_mint,en,USD,2026-06-30T00:58:08.180Z
Non-Lands,binder,Wildvine Pummeler,ECL,Lorwyn Eclipsed,203,normal,common,1,110689,11bad5c7-fe9a-4d89-a531-8d4f03d5a0e4,0.1,false,false,near_mint,en,USD,2026-06-30T00:58:08.177Z
Non-Lands,binder,Fear of Exposure,DSK,Duskmourn: House of Horror,177,normal,uncommon,1,99256,93bb4abc-5af1-4cf5-919b-244b6a36f8ec,0.2,false,false,near_mint,en,USD,2026-06-30T00:58:08.176Z
Non-Lands,binder,Grasping Longneck,DSK,Duskmourn: House of Horror,180,normal,common,3,98715,7fddcd48-3efe-4b56-9d69-9659b3dc6021,0.09,false,false,near_mint,en,USD,2026-06-30T00:58:08.178Z
Non-Lands,binder,Gene Pollinator,EOE,Edge of Eternities,186,normal,common,3,107772,ce7a8eec-a029-4ee1-b2d6-405d903d4640,0.26,false,false,near_mint,en,USD,2026-06-30T00:58:08.191Z
Non-Lands,binder,Evolution Witness,MH3,Modern Horizons 3,151,normal,common,3,94439,4d89283e-9783-4006-9294-4ae0473d2ce6,0.26,false,false,near_mint,en,USD,2026-06-30T00:58:08.196Z
Non-Lands,binder,Ever After,C20,Commander 2020,133,normal,rare,1,50285,a4e6a08b-e0d6-4d41-b143-e09ac53b6249,0.31,false,false,near_mint,en,USD,2026-06-30T01:01:19.013Z
Non-Lands,binder,Honored Dreyleader,BLB,Bloomburrow,178,normal,uncommon,1,96107,bc5ee537-52e1-474a-9326-dfacc2a758ab,0.28,false,false,near_mint,en,USD,2026-06-30T01:01:19.012Z
Non-Lands,binder,Greater Tanuki,DSC,Duskmourn: House of Horror Commander,181,normal,common,1,99184,65a193bb-22f3-4732-93cd-877cd8c8417c,0.16,false,false,near_mint,en,USD,2026-06-30T01:01:19.010Z
Non-Lands,binder,Icecave Crasher,EOE,Edge of Eternities,191,normal,common,2,107781,e6c1ed0c-0c0d-47a7-8ebc-67854cb226e0,0.09,false,false,near_mint,en,USD,2026-06-30T01:01:19.009Z
Non-Lands,binder,Eumidian Terrabotanist,EOE,Edge of Eternities,180,normal,uncommon,1,107729,64fb2981-86ed-478a-89cd-c6bb078a5bc7,0.35,false,false,near_mint,en,USD,2026-06-30T01:01:19.007Z
Non-Lands,binder,Thawbringer,EOE,Edge of Eternities,211,foil,common,1,107691,0b7f934f-8eb4-408b-a55f-245ec5cc4a8a,0.08,false,false,near_mint,en,USD,2026-06-30T01:01:19.005Z
Non-Lands,binder,Redtooth Genealogist,WOE,Wilds of Eldraine,179,normal,common,1,85600,99c81440-66eb-4443-a83f-e2f15cb68a3e,0.09,false,false,near_mint,en,USD,2026-06-30T01:01:19.004Z
Non-Lands,binder,Galadhrim Guide,LTR,The Lord of the Rings: Tales of Middle-earth,168,normal,common,1,83642,f4603f59-f899-4caf-a874-bf234d2045fb,0.14,false,false,near_mint,en,USD,2026-06-30T01:01:19.003Z
Non-Lands,binder,Mirkwood Spider,LTR,The Lord of the Rings: Tales of Middle-earth,178,normal,common,1,83388,ad961ba1-c74f-4a44-87fe-b30e2b63e378,0.24,false,false,near_mint,en,USD,2026-06-30T01:01:19.002Z
Non-Lands,binder,Enraged Huorn,LTR,The Lord of the Rings: Tales of Middle-earth,162,normal,common,1,83383,a9b48836-6d37-46eb-8c41-a3eeecc72ae1,0.15,false,false,near_mint,en,USD,2026-06-30T01:01:19.001Z
Non-Lands,binder,Burly Breaker // Dire-Strain Demolisher,MID,Innistrad: Midnight Hunt,299,normal,uncommon,1,63163,1b50c98e-6c3b-4129-ae93-10c0bf9270fc,0.14,false,false,near_mint,en,USD,2026-06-30T01:01:19.000Z
Non-Lands,binder,War Historian,MOM,March of the Machine,214,normal,common,1,81292,0007efdf-417d-48a7-b119-3a2fda3e1158,0.03,false,false,near_mint,en,USD,2026-06-30T01:01:18.999Z
Non-Lands,binder,Adaptive Sporesinger,ONE,Phyrexia: All Will Be One,157,normal,common,1,78514,3db6d202-9c6f-4485-9224-173b23de7054,0.17,false,false,near_mint,en,USD,2026-06-30T01:01:18.998Z
Non-Lands,binder,Hivespine Wolverine,BLB,Bloomburrow,177,normal,uncommon,1,95943,821970a3-a291-4fe9-bb13-dfc54f9c3caf,0.16,false,false,near_mint,en,USD,2026-06-30T01:01:18.996Z
Non-Lands,binder,Thornvault Forager,BLB,Bloomburrow,197,foil,rare,1,95807,8c2d6b02-a453-40f9-992a-5c5542987cfb,2.1,false,false,near_mint,en,USD,2026-06-30T01:01:18.993Z
Non-Lands,binder,Ambush Wolf,FDN,Foundations,98,normal,common,1,101492,2903832c-318e-42ab-bf58-c682ec2f7afd,0.17,false,false,near_mint,en,USD,2026-06-30T01:01:18.992Z
Non-Lands,binder,Flesh Burrower,DSK,Duskmourn: House of Horror,178,normal,common,1,98831,60499c90-a512-4abb-98eb-0735a7138421,0.3,false,false,near_mint,en,USD,2026-06-30T01:01:18.991Z
Non-Lands,binder,"Dwynen, Gilt-Leaf Daen",FDN,Foundations,217,normal,uncommon,1,100086,01c00d7b-7fac-4f8c-a1ea-de2cf4d06627,0.32,false,false,near_mint,en,USD,2026-06-30T01:01:18.988Z
Non-Lands,binder,Dwynen's Elite,FDN,Foundations,218,normal,common,1,100800,89d94c28-ea2e-4a3d-935f-6b2d9f2efc7a,0.18,false,false,near_mint,en,USD,2026-06-30T01:01:18.987Z
Non-Lands,binder,"Yeva, Nature's Herald",RVR,Ravnica Remastered,162,normal,rare,1,89731,67ff9ba3-cd2b-4970-b4da-22104b10a4a4,1.25,false,false,near_mint,en,USD,2026-06-30T01:01:18.986Z
Non-Lands,binder,"Altanak, the Thrice-Called",DSK,Duskmourn: House of Horror,166,normal,uncommon,1,98716,807b0674-8eba-4204-b6b6-fa2b785a79e9,0.28,false,false,near_mint,en,USD,2026-06-30T01:01:18.984Z
Non-Lands,binder,Bristlepack Sentry,OTJ,Outlaws of Thunder Junction,156,normal,common,1,93201,6aea6702-16a8-4073-9c83-fbea20a5fd32,0.14,false,false,near_mint,en,USD,2026-06-30T01:01:18.983Z
Non-Lands,binder,Undergrowth Leopard,TDM,Tarkir: Dragonstorm,165,normal,common,1,104307,67ab8f9a-b17c-452f-b4ef-a3f91909e3de,0.19,false,false,near_mint,en,USD,2026-06-30T01:01:18.982Z
Non-Lands,binder,Attuned Hunter,TDM,Tarkir: Dragonstorm,135,normal,uncommon,1,104977,d1a4f502-86a9-49fb-9cb9-7918d13c5313,0.13,false,false,near_mint,en,USD,2026-06-30T01:01:18.981Z
Non-Lands,binder,Ainok Wayfarer,TDM,Tarkir: Dragonstorm,134,normal,common,1,105133,57695a9b-8f72-4ccc-a946-5d5037b09b8f,0.22,false,false,near_mint,en,USD,2026-06-30T01:01:18.980Z
Non-Lands,binder,Rust-Shield Rampager,BLB,Bloomburrow,190,foil,common,1,96117,c96b01f5-83de-4237-a68d-f946c53e31a6,0.2,false,false,near_mint,en,USD,2026-06-30T01:01:18.978Z
Non-Lands,binder,Galactic Wayfarer,EOE,Edge of Eternities,185,normal,common,1,107078,85b898d2-050f-49a2-87af-07d54d105336,0.06,false,false,near_mint,en,USD,2026-06-30T01:01:18.975Z
Non-Lands,binder,Hemosymbic Mite,EOE,Edge of Eternities,190,normal,uncommon,1,107324,c14137a4-2d44-444c-ad50-e2edf9380571,0.22,false,false,near_mint,en,USD,2026-06-30T01:01:18.973Z
Non-Lands,binder,Glacier Godmaw,EOE,Edge of Eternities,188,normal,uncommon,1,107608,d3291c51-e963-4970-813d-9a06a47aa71e,0.27,false,false,near_mint,en,USD,2026-06-30T01:01:18.972Z
Non-Lands,binder,Mineshaft Spider,LCI,The Lost Caverns of Ixalan,202,normal,common,1,88833,b75a3639-a917-4700-a093-14a4cda78d9f,0.12,false,false,near_mint,en,USD,2026-06-30T01:01:18.967Z
Non-Lands,binder,Ixalli's Lorekeeper,LCI,The Lost Caverns of Ixalan,194,normal,uncommon,1,88475,4bc94ded-458d-4458-9c0b-136d825b885d,0.23,false,false,near_mint,en,USD,2026-06-30T01:01:18.966Z
Non-Lands,binder,Malamet Brawler,LCI,The Lost Caverns of Ixalan,199,normal,common,1,88455,47d2fb65-cc3d-4664-bee0-8cf1cba5d8fa,0.21,false,false,near_mint,en,USD,2026-06-30T01:01:18.965Z
Non-Lands,binder,Tyrranax Atrocity,ONE,Phyrexia: All Will Be One,188,normal,common,1,78417,157cf43c-f7f2-4362-bfc8-11682e94b747,0.25,false,false,near_mint,en,USD,2026-06-30T01:01:18.964Z
Non-Lands,binder,Temperamental Oozewagg,MH3,Modern Horizons 3,172,normal,common,2,94484,6625df2e-7046-411a-ae86-c46ac0953a0b,0.25,false,false,near_mint,en,USD,2026-06-30T01:01:18.968Z
Non-Lands,binder,Blooming Stinger,EOE,Edge of Eternities,174,normal,common,2,107705,2ee859bd-d99c-4b1d-9372-7ff4fc1e8c6a,0.22,false,false,near_mint,en,USD,2026-06-30T01:01:18.997Z
Non-Lands,binder,Outlaw Stitcher,OTJ,Outlaws of Thunder Junction,59,normal,uncommon,1,93320,ba9584f0-55b8-448d-99a7-041934053f42,0.07,false,false,near_mint,en,USD,2026-06-30T01:04:37.266Z
Non-Lands,binder,Daring Thunder-Thief,OTJ,Outlaws of Thunder Junction,41,normal,common,3,93310,b41a2bf7-248c-4f8b-92ec-3010d276cb59,0.16,false,false,near_mint,en,USD,2026-06-30T01:04:37.265Z
Non-Lands,binder,Illvoi Infiltrator,EOE,Edge of Eternities,59,normal,uncommon,2,107702,2db4ed41-0426-4d7f-bb43-e43392bed83b,0.12,false,false,near_mint,en,USD,2026-06-30T01:04:37.264Z
Non-Lands,binder,Guidelight Optimizer,DFT,Aetherdrift,45,normal,common,2,103658,e9fc07dd-05b1-49ed-a3ee-46c31b8e0a3d,0.19,false,false,near_mint,en,USD,2026-06-30T01:04:37.263Z
Non-Lands,binder,Hope-Ender Coatl,MH3,Modern Horizons 3,64,normal,uncommon,1,94844,26973cad-26d7-4d42-a58a-85c3dce3b9fd,0.3,false,false,near_mint,en,USD,2026-06-30T01:04:37.262Z
Non-Lands,binder,Corrupted Shapeshifter,MH3,Modern Horizons 3,56,normal,common,2,94381,27534c8a-cb71-43bc-b706-80a525396222,0.23,false,false,near_mint,en,USD,2026-06-30T01:04:37.261Z
Non-Lands,binder,Emrakul's Messenger,MH3,Modern Horizons 3,61,normal,uncommon,3,94674,f0f818d7-320c-47b9-a083-40007f3d91ea,0.27,false,false,near_mint,en,USD,2026-06-30T01:04:37.260Z
Non-Lands,binder,Omen Hawker,MOM,March of the Machine,70,normal,uncommon,1,81233,d0749c3c-e3f7-4c96-8c5b-4fd2401544c4,0.31,false,false,near_mint,en,USD,2026-06-30T01:04:37.259Z
Non-Lands,binder,Order of the Mirror // Order of the Alabaster Host,MOM,March of the Machine,72,normal,common,1,81307,103295ed-5ddc-4528-8848-4fd2cfec4b88,0.09,false,false,near_mint,en,USD,2026-06-30T01:04:37.258Z
Non-Lands,binder,Oculus Whelp,MOM,March of the Machine,69,normal,common,1,81364,58b35399-79af-49fa-989e-867a85320cc2,0.08,false,false,near_mint,en,USD,2026-06-30T01:04:37.257Z
Non-Lands,binder,Mist Raven,INR,Innistrad Remastered,76,normal,uncommon,1,102548,557b7e56-36f7-489c-a0fe-039c463f8bc5,0.15,false,false,near_mint,en,USD,2026-06-30T01:04:37.256Z
Non-Lands,binder,Augury Raven,KHM,Kaldheim,44,normal,common,1,57031,a9947cfd-91d6-479e-a7f6-2a2050f020f3,0.14,false,false,near_mint,en,USD,2026-06-30T01:04:37.255Z
Non-Lands,binder,Mouth of the Storm,EOE,Edge of Eternities,70,normal,uncommon,1,106997,380f16d6-ad43-4e0d-9645-6abde6248182,0.1,false,false,near_mint,en,USD,2026-06-30T01:04:37.252Z
Non-Lands,binder,Starbreach Whale,EOE,Edge of Eternities,77,normal,common,3,107085,8a1a0476-7145-4493-97e5-4fc05c85e476,0.16,false,false,near_mint,en,USD,2026-06-30T01:04:37.250Z
Non-Lands,binder,Illvoi Operative,EOE,Edge of Eternities,61,foil,common,1,107773,d0ae9fc7-1802-4806-9996-1f1f458ff6a7,0.14,false,false,near_mint,en,USD,2026-06-30T01:04:37.248Z
Non-Lands,binder,Merfolk Coralsmith,WOE,Wilds of Eldraine,60,normal,common,2,85634,a7f6a79c-aa2f-47d2-a929-1606a61f9341,0.12,false,false,near_mint,en,USD,2026-06-30T01:04:37.247Z
Non-Lands,binder,Mechanozoa,EOE,Edge of Eternities,66,normal,common,5,106948,0cb8d8ce-329a-4a97-b3d8-796703ebcb37,0.13,false,false,near_mint,en,USD,2026-06-30T01:04:37.246Z
Non-Lands,binder,Selfcraft Mechan,EOE,Edge of Eternities,74,normal,common,4,107724,5b2de056-5c27-44d6-871d-909411bd52dd,0.09,false,false,near_mint,en,USD,2026-06-30T01:04:37.243Z
Non-Lands,binder,Tunnel Surveyor,DSK,Duskmourn: House of Horror,76,normal,common,1,98782,12ee2690-f464-4a38-81e1-6dd2053a3327,0.05,false,false,near_mint,en,USD,2026-06-30T01:04:37.242Z
Non-Lands,binder,Tunnel Surveyor,DSK,Duskmourn: House of Horror,76,foil,common,1,98782,12ee2690-f464-4a38-81e1-6dd2053a3327,0.08,false,false,near_mint,en,USD,2026-06-30T01:04:37.241Z
Non-Lands,binder,Shipwreck Sentry,LCI,The Lost Caverns of Ixalan,75,normal,common,2,88634,814803bc-72cd-46db-b957-4322f2a7b28a,0.07,false,false,near_mint,en,USD,2026-06-30T01:04:37.240Z
Non-Lands,binder,Nanoform Sentinel,EOE,Edge of Eternities,71,normal,common,2,107711,3eeae8c3-7939-4c79-92f0-fbdb9c1b71d3,0.15,false,false,near_mint,en,USD,2026-06-30T01:04:37.244Z
Non-Lands,binder,Steelswarm Operator,EOE,Edge of Eternities,80,normal,uncommon,2,107544,ca468b86-f31a-4cd7-a574-eb984bc4bc3e,0.21,false,false,near_mint,en,USD,2026-06-30T01:04:37.245Z
Non-Lands,binder,Mechan Shieldmate,EOE,Edge of Eternities,65,normal,common,4,107736,745b2119-4d9f-431f-89b9-10ad48b6dc47,0.09,false,false,near_mint,en,USD,2026-06-30T01:04:37.249Z
Non-Lands,binder,Crookclaw Transmuter,TSR,Time Spiral Remastered,59,normal,common,1,57797,aba5f411-668b-4344-be2f-c8f6cc3255e8,0.11,false,false,near_mint,en,USD,2026-06-30T01:07:33.487Z
Non-Lands,binder,Surveillance Monitor,MKM,Murders at Karlov Manor,73,normal,uncommon,1,90957,703b874d-6739-4063-9891-e9c040dd9618,0.13,false,false,near_mint,en,USD,2026-06-30T01:07:33.485Z
Non-Lands,binder,Piranha Fly,DSK,Duskmourn: House of Horror,70,normal,common,2,98742,cd891675-12d4-40df-996a-97d694155227,0.06,false,false,near_mint,en,USD,2026-06-30T01:07:33.484Z
Non-Lands,binder,Creeping Peeper,DSK,Duskmourn: House of Horror,46,normal,common,1,98851,7ad59368-1335-4d8e-a254-ccd889933e57,0.13,false,false,near_mint,en,USD,2026-06-30T01:07:33.483Z
Non-Lands,binder,Tidal Terror,MOM,March of the Machine,82,normal,common,1,81321,2e943948-2326-4446-9a16-64d6040b8856,0.31,false,false,near_mint,en,USD,2026-06-30T01:07:33.481Z
Non-Lands,binder,Nimble Thopterist,DFT,Aetherdrift,53,normal,common,1,103488,47717312-f6c6-4e86-ba6a-a30698962430,0.13,false,false,near_mint,en,USD,2026-06-30T01:07:33.480Z
Non-Lands,binder,Lantern Bearer // Lanterns' Lift,INR,Innistrad Remastered,72,normal,common,1,101848,0e568af8-9ddf-4efd-92ec-74a54b811c03,0.19,false,false,near_mint,en,USD,2026-06-30T01:07:33.479Z
Non-Lands,binder,Makeshift Mauler,INR,Innistrad Remastered,73,normal,common,1,102511,404c6bb8-4c64-458f-a4aa-98beb2c6a77c,0.06,false,false,near_mint,en,USD,2026-06-30T01:07:33.477Z
Non-Lands,binder,Omni-Changeling,ECL,Lorwyn Eclipsed,62,normal,uncommon,1,110660,f29ce8f9-42a3-43fa-8197-666cc26e2c76,0.34,false,false,near_mint,en,USD,2026-06-30T01:07:33.476Z
Non-Lands,binder,Canyon Crab,OTJ,Outlaws of Thunder Junction,40,normal,uncommon,1,93317,b740a8a8-e1d3-4642-a214-03731c9b5553,0.07,false,false,near_mint,en,USD,2026-06-30T01:07:33.474Z
Non-Lands,binder,Elementalist Adept,FDN,Foundations,36,normal,common,1,101605,d9768cc6-8f53-4922-ae32-376a2f32d719,0.11,false,false,near_mint,en,USD,2026-06-30T01:07:33.473Z
Non-Lands,binder,Stalked Researcher,DSK,Duskmourn: House of Horror,73,normal,common,1,98868,8a26ccad-adfa-43cc-be4c-dc8dd584bca3,0.05,false,false,near_mint,en,USD,2026-06-30T01:07:33.472Z
Non-Lands,binder,Slickshot Vault-Buster,OTJ,Outlaws of Thunder Junction,68,foil,common,1,93171,592ccc36-3d10-4a12-8743-9b300b80cb4d,0.04,false,false,near_mint,en,USD,2026-06-30T01:07:33.471Z
Non-Lands,binder,Visage Bandit,OTJ,Outlaws of Thunder Junction,76,normal,uncommon,1,93196,685ec4c6-3332-498f-8b56-d7ad8fc5230c,0.24,false,false,near_mint,en,USD,2026-06-30T01:07:33.470Z
Non-Lands,binder,Razzle-Dazzler,OTJ,Outlaws of Thunder Junction,63,normal,common,1,93430,f7d08008-9272-405e-82ef-566e6d42bb17,0.08,false,false,near_mint,en,USD,2026-06-30T01:07:33.469Z
Non-Lands,binder,Agent of Kotis,TDM,Tarkir: Dragonstorm,36,normal,common,1,104318,812d0462-0158-467f-951d-a7a121188a10,0.05,false,false,near_mint,en,USD,2026-06-30T01:07:33.466Z
Non-Lands,binder,Wingblade Disciple,TDM,Tarkir: Dragonstorm,65,normal,uncommon,2,105138,71de7dca-0231-4407-86a0-c7fc95f5aaa0,0.22,false,false,near_mint,en,USD,2026-06-30T01:07:33.465Z
Non-Lands,binder,Iceridge Serpent,TDM,Tarkir: Dragonstorm,49,normal,common,2,105167,d13f117b-b8e4-48db-8ce9-5da9c7ce23a5,0.1,false,false,near_mint,en,USD,2026-06-30T01:07:33.464Z
Non-Lands,binder,"Cynette, Jelly Drover",J25,Foundations Jumpstart,35,normal,uncommon,1,100786,8810b817-7349-468b-bcca-ba0843bbc852,0.31,false,false,near_mint,en,USD,2026-06-30T01:07:33.462Z
Non-Lands,binder,"Mm'menon, the Right Hand",EOE,Edge of Eternities,68,normal,rare,1,107473,82add0a0-e402-4b31-b101-81c0bf332015,0.36,false,false,near_mint,en,USD,2026-06-30T01:07:33.460Z
Non-Lands,binder,Gigastorm Titan,EOE,Edge of Eternities,57,foil,uncommon,2,107603,abc83e0a-0ae5-4087-a751-058a1ba6a920,0.18,false,false,near_mint,en,USD,2026-06-30T01:07:33.459Z
Non-Lands,binder,Keymaster Rogue,RVR,Ravnica Remastered,47,normal,common,1,89708,6045f2a8-01f1-496d-9498-dff3c1654761,0.16,false,false,near_mint,en,USD,2026-06-30T01:07:33.456Z
Non-Lands,binder,Cloudfin Raptor,RVR,Ravnica Remastered,37,normal,common,1,89684,54bb0672-adb4-4aad-a4c0-77a0e7373bac,0.24,false,false,near_mint,en,USD,2026-06-30T01:07:33.455Z
Non-Lands,binder,Leapfrog,CLU,Ravnica: Clue Edition,89,normal,common,1,90663,0eefa088-cc53-41a4-b5ad-88483915cd8f,0.08,false,false,near_mint,en,USD,2026-06-30T01:07:33.454Z
Non-Lands,binder,Furtive Analyst,MOM,March of the Machine,59,normal,common,1,81416,98c55aff-baed-4fb5-a490-abd59b8df5e7,0.04,false,false,near_mint,en,USD,2026-06-30T01:07:33.453Z
Non-Lands,binder,Marauding Brinefang,LCI,The Lost Caverns of Ixalan,64,normal,common,1,88610,78328899-7996-4cfd-bf00-d2a0d0ff3ef8,0.21,false,false,near_mint,en,USD,2026-06-30T01:07:33.452Z
Non-Lands,binder,Aerial Guide,HOU,Hour of Devastation,29,normal,common,1,4646,b744c138-9b9e-47f6-9d56-feb6a78ce377,0.03,false,false,near_mint,en,USD,2026-06-30T01:07:33.451Z
Non-Lands,binder,Makeshift Mauler,INR,Innistrad Remastered,73,foil,common,2,102511,404c6bb8-4c64-458f-a4aa-98beb2c6a77c,0.07,false,false,near_mint,en,USD,2026-06-30T01:07:33.450Z
Non-Lands,binder,Shorecomber Crab,J25,Foundations Jumpstart,356,normal,common,1,101385,fad0fd59-6511-4508-89fd-4287f59db1a2,0.26,false,false,near_mint,en,USD,2026-06-30T01:07:33.449Z
Non-Lands,binder,Dream Eater,DSC,Duskmourn: House of Horror Commander,116,normal,mythic,1,99339,c721d449-fc77-4d86-8baf-158181e37087,0.25,false,false,near_mint,en,USD,2026-06-30T01:07:33.448Z
Non-Lands,binder,Frost Titan,C14,Commander 2014,112,normal,mythic,1,12744,bb9eec79-1926-46eb-b9e0-6ba12a441495,0.43,false,false,near_mint,en,USD,2026-06-30T01:07:33.447Z
Non-Lands,binder,Horned Loch-Whale // Lagoon Breach,WOE,Wilds of Eldraine,278,normal,rare,1,85657,af969428-8dd2-47d6-bdbf-65eca632c3d4,0.34,false,false,near_mint,en,USD,2026-06-30T01:07:33.446Z
Non-Lands,binder,Archetype of Imagination,DSC,Duskmourn: House of Horror Commander,111,normal,uncommon,1,99073,204972f7-8111-4e7d-97c4-53bcdc222230,0.67,false,false,near_mint,en,USD,2026-06-30T01:07:33.445Z
Non-Lands,binder,Cloudsculpt Technician,EOE,Edge of Eternities,49,normal,common,2,107718,51077a54-15cf-4088-8e84-088d72e8e861,0.08,false,false,near_mint,en,USD,2026-06-30T01:07:33.444Z
Non-Lands,binder,Thought Shucker,BLB,Bloomburrow,77,foil,common,1,95916,44b0d83b-cc41-4f82-892c-ef6d3293228a,0.17,false,false,near_mint,en,USD,2026-06-30T01:07:33.440Z
Non-Lands,binder,Tempest Harvester,MH3,Modern Horizons 3,73,normal,common,5,94475,62a3fc3f-f5cd-45f1-a3d5-d90c9dd4f6c7,0.13,false,false,near_mint,en,USD,2026-06-30T01:07:33.441Z
Non-Lands,binder,Sinister Cryologist,EOE,Edge of Eternities,75,normal,common,3,107783,e8fbe740-05ec-4ced-bb9d-3084c8c2b631,0.06,false,false,near_mint,en,USD,2026-06-30T01:07:33.442Z
Non-Lands,binder,Kulrath Mystic,ECL,Lorwyn Eclipsed,56,normal,common,2,110477,377d257c-920c-4dd4-a4b1-01cbc631ef8f,0.04,false,false,near_mint,en,USD,2026-06-30T01:07:33.457Z
Non-Lands,binder,Stitched Mangler,INR,Innistrad Remastered,87,normal,common,2,102825,e90cb0f1-d6fa-4a73-83bb-8870e59b1d7d,0.05,false,false,near_mint,en,USD,2026-06-30T01:07:33.478Z
Non-Lands,binder,Meletis Charlatan,THS,Theros,54,normal,rare,1,15610,bf22da0c-5bf5-4c81-9422-671ce17c8ffa,0.16,false,false,near_mint,en,USD,2026-06-30T01:10:32.988Z
Non-Lands,binder,Frilled Cave-Wurm,LCI,The Lost Caverns of Ixalan,57,normal,common,2,88585,6f65e1bc-fade-4fdf-a1fd-de068bff9e4c,0.08,false,false,near_mint,en,USD,2026-06-30T01:10:32.987Z
Non-Lands,binder,Hermitic Nautilus,LCI,The Lost Caverns of Ixalan,58,normal,uncommon,2,88501,545503f8-a8c6-4518-9ad6-76e4996397fc,0.07,false,false,near_mint,en,USD,2026-06-30T01:10:32.986Z
Non-Lands,binder,Oaken Siren,LCI,The Lost Caverns of Ixalan,66,normal,common,2,88938,d7731ef5-da74-4436-8ee7-01c065cbefae,0.22,false,false,near_mint,en,USD,2026-06-30T01:10:32.985Z
Non-Lands,binder,Serum Visionary,MH3,Modern Horizons 3,69,foil,common,1,94330,08a587f5-5910-405e-8982-c889dbbc7f98,0.29,false,false,near_mint,en,USD,2026-06-30T01:10:32.983Z
Non-Lands,binder,Bigfin Bouncer,FDN,Foundations,31,normal,common,1,100882,9b1d5b76-b07e-45c6-800d-4cfce085164f,0.21,false,false,near_mint,en,USD,2026-06-30T01:10:32.982Z
Non-Lands,binder,Electrozoa,MH3,Modern Horizons 3,60,normal,common,2,94838,0f92dce7-45d4-4d9e-abfc-e4bfce9562c9,0.17,false,false,near_mint,en,USD,2026-06-30T01:10:32.981Z
Non-Lands,binder,Gitaxian Anatomist,ONE,Phyrexia: All Will Be One,52,normal,common,1,78586,63517062-77da-4b60-aa24-f91553a81bed,0.23,false,false,near_mint,en,USD,2026-06-30T01:10:32.980Z
Non-Lands,binder,Trawler Drake,ONE,Phyrexia: All Will Be One,74,normal,uncommon,1,78948,f442442d-2e5d-4913-82d8-bab2f31541f8,0.07,false,false,near_mint,en,USD,2026-06-30T01:10:32.979Z
Non-Lands,binder,Watchful Blisterzoa,ONE,Phyrexia: All Will Be One,78,normal,uncommon,1,78757,a895f63f-3c59-4249-9346-55ef489944fc,0.05,false,false,near_mint,en,USD,2026-06-30T01:10:32.978Z
Non-Lands,binder,Vantress Transmuter // Croaking Curse,WOE,Wilds of Eldraine,75,normal,common,1,85261,11507fa1-ef9e-41c9-b987-be57a03bd0df,0.1,false,false,near_mint,en,USD,2026-06-30T01:10:32.976Z
Non-Lands,binder,Obyra's Attendants // Desperate Parry,WOE,Wilds of Eldraine,63,normal,common,3,85215,0001e77a-7fff-49d2-a55c-42f6fdf6db08,0.11,false,false,near_mint,en,USD,2026-06-30T01:10:32.975Z
Non-Lands,binder,Archive Dragon,WOE,Wilds of Eldraine,41,normal,uncommon,1,85313,2979104f-7570-487c-8024-131d7ee3ab91,0.22,false,false,near_mint,en,USD,2026-06-30T01:10:32.974Z
Non-Lands,binder,Living Lectern,WOE,Wilds of Eldraine,59,normal,common,2,85270,169afcaf-7ebf-4590-9e51-2a1a5eb3ac76,0.07,false,false,near_mint,en,USD,2026-06-30T01:10:32.973Z
Non-Lands,binder,Icewrought Sentry,WOE,Wilds of Eldraine,55,normal,uncommon,1,85535,859419d3-cd15-4362-98b3-a7ff98e29692,0.23,false,false,near_mint,en,USD,2026-06-30T01:10:32.972Z
Non-Lands,binder,Merfolk Cave-Diver,LCI,The Lost Caverns of Ixalan,65,normal,uncommon,2,88581,6e0fe81c-b8ef-49ff-8743-f03d0220cb9e,0.18,false,false,near_mint,en,USD,2026-06-30T01:10:32.970Z
Non-Lands,binder,River Herald Scout,LCI,The Lost Caverns of Ixalan,72,normal,common,2,88672,8ae8ab66-5840-4b2e-bd4e-94ead0c79b61,0.2,false,false,near_mint,en,USD,2026-06-30T01:10:32.969Z
Non-Lands,binder,Waylaying Pirates,LCI,The Lost Caverns of Ixalan,85,normal,common,1,88958,ded2bb06-7163-47fe-bede-9c192c9b8952,0.13,false,false,near_mint,en,USD,2026-06-30T01:10:32.968Z
Non-Lands,binder,Cogwork Wrestler,LCI,The Lost Caverns of Ixalan,49,foil,common,1,88790,a9d329ad-6b19-4aa7-a53f-38c7b76c4c96,0.18,false,false,near_mint,en,USD,2026-06-30T01:10:32.967Z
Non-Lands,binder,Shrieking Drake,MH3,Modern Horizons 3,272,normal,uncommon,1,94875,9f1cc39f-898c-4e92-82a0-a17606b60574,0.23,false,false,near_mint,en,USD,2026-06-30T01:10:32.966Z
Non-Lands,binder,Erudite Wizard,FDN,Foundations,37,normal,common,1,100835,9273c417-0fcd-4273-b24e-afff76336d0c,0.14,false,false,near_mint,en,USD,2026-06-30T01:10:32.965Z
Non-Lands,binder,Aegis Turtle,FDN,Foundations,150,normal,common,2,101590,c7f2014a-fbc9-447c-a440-e06d01066bb9,0.22,false,false,near_mint,en,USD,2026-06-30T01:10:32.964Z
Non-Lands,binder,Lightshell Duo,FDN,Foundations,157,normal,common,1,101063,bb75315c-ea8f-4eb0-899e-c73ef75fc396,0.09,false,false,near_mint,en,USD,2026-06-30T01:10:32.963Z
Non-Lands,binder,Uthros Psionicist,EOE,Edge of Eternities,84,normal,uncommon,2,107566,e23cc5fd-afe4-480c-8858-ed80a082584e,0.21,false,false,near_mint,en,USD,2026-06-30T01:10:32.962Z
Non-Lands,binder,Sage Aven,ONS,Onslaught,111,normal,common,1,31192,4c03afc5-7ca3-4ac6-a06e-091e2cce13a0,0.17,false,false,near_mint,en,USD,2026-06-30T01:10:32.959Z
Non-Lands,binder,Homunculus Horde,FDN,Foundations,41,normal,rare,1,100441,470c4d03-340a-4e0e-a59f-f19d05497785,0.48,false,false,near_mint,en,USD,2026-06-30T01:10:32.958Z
Non-Lands,binder,Memory Guardian,DFT,Aetherdrift,49,normal,uncommon,1,103524,6b199ce2-0ea0-47e5-a36c-36373be53fec,0.32,false,false,near_mint,en,USD,2026-06-30T01:10:32.957Z
Non-Lands,binder,Gearseeker Serpent,DFT,Aetherdrift,43,normal,common,1,103480,3dca0007-42d3-4ee2-8e88-361d80a7103c,0.19,false,false,near_mint,en,USD,2026-06-30T01:10:32.955Z
Non-Lands,binder,"Tetsuko Umezawa, Fugitive",MUL,Multiverse Legends,12,normal,uncommon,1,81645,469beb59-1e57-474e-9dcf-9c13957cbfdd,0.27,false,false,near_mint,en,USD,2026-06-30T01:10:32.954Z
Non-Lands,binder,Deepmuck Desperado,OTJ,Outlaws of Thunder Junction,42,normal,uncommon,1,93435,f95ee726-7465-40f8-a954-19b19e636c12,0.13,false,false,near_mint,en,USD,2026-06-30T01:10:32.953Z
Non-Lands,binder,Peerless Ropemaster,OTJ,Outlaws of Thunder Junction,60,normal,common,1,93304,ae044509-2f31-4506-a124-0e445b7181a2,0.05,false,false,near_mint,en,USD,2026-06-30T01:10:32.952Z
Non-Lands,binder,Feywild Caretaker,CLB,Commander Legends: Battle for Baldur's Gate,69,foil,uncommon,1,69290,c959ab97-0727-4589-bfd9-d78dd8ebd86b,0.36,false,false,near_mint,en,USD,2026-06-30T01:10:32.951Z
Non-Lands,binder,Summit Sentinel,ECL,Lorwyn Eclipsed,73,normal,common,1,110776,81251057-f270-4f05-9dc5-205c70e1f295,0.09,false,false,near_mint,en,USD,2026-06-30T01:10:32.950Z
Non-Lands,binder,Magma Mine,VIS,Visions,149,normal,uncommon,1,38024,1aecc3df-7ce6-419c-b3d6-60fc28bfe941,0.23,false,false,near_mint,en,USD,2026-06-30T01:10:32.949Z
Non-Lands,binder,Finch Formation,BLB,Bloomburrow,50,normal,common,2,95899,1c671eab-d1ef-4d79-94eb-8b85f0d18699,0.11,false,false,near_mint,en,USD,2026-06-30T01:10:32.948Z
Non-Lands,binder,Obscura Initiate,SNC,Streets of New Capenna,50,normal,common,1,67800,67774a11-158b-437c-ac16-2d42fbb5c223,0.05,false,false,near_mint,en,USD,2026-06-30T01:10:32.946Z
Non-Lands,binder,Aquatic Alchemist // Bubble Up,WOE,Wilds of Eldraine,40,normal,common,2,85793,e6f03f21-aeb9-428b-9167-b2604919bdd8,0.17,false,false,near_mint,en,USD,2026-06-30T01:10:32.971Z
Non-Lands,binder,Spring Splasher,OTJ,Outlaws of Thunder Junction,69,normal,common,1,93315,b6822d12-1a25-42e7-94cc-71bd29daed93,0.2,false,false,near_mint,en,USD,2026-06-30T01:12:37.013Z
Non-Lands,binder,Sleep-Cursed Faerie,WOE,Wilds of Eldraine,66,normal,rare,1,85336,31051436-68f2-457e-8293-2b10ccf7684e,0.37,false,false,near_mint,en,USD,2026-06-30T01:12:37.012Z
Non-Lands,binder,Daring Waverider,BLB,Bloomburrow,44,normal,uncommon,1,95896,19422406-0c1a-497e-bed1-708bc556491a,0.22,false,false,near_mint,en,USD,2026-06-30T01:12:37.010Z
Non-Lands,binder,Cogwork Wrestler,LCI,The Lost Caverns of Ixalan,49,normal,common,2,88790,a9d329ad-6b19-4aa7-a53f-38c7b76c4c96,0.2,false,false,near_mint,en,USD,2026-06-30T01:12:37.002Z
Non-Lands,binder,Quicksilver Fisher,ONE,Phyrexia: All Will Be One,287,normal,common,1,78789,b394cdd1-a632-4b57-8356-4e2d9c9620f7,0.11,false,false,near_mint,en,USD,2026-06-30T01:12:37.001Z
Non-Lands,binder,Roil Cartographer,MH3,Modern Horizons 3,67,normal,uncommon,1,94522,84317f9d-5a24-4f74-9c3e-0a8b5c15bb5f,0.23,false,false,near_mint,en,USD,2026-06-30T01:12:36.999Z
Non-Lands,binder,Warden of Evos Isle,CMR,Commander Legends,106,normal,uncommon,1,55720,6bfc5cef-aa9b-45d4-a9c3-4b157e4ed193,0.25,false,false,near_mint,en,USD,2026-06-30T01:12:36.998Z
Non-Lands,binder,Snowmelt Stag,TDM,Tarkir: Dragonstorm,57,normal,common,1,104869,a6b3b131-704a-4586-84f8-db465cd4a277,0.05,false,false,near_mint,en,USD,2026-06-30T01:12:36.995Z
Non-Lands,binder,Temur Devotee,TDM,Tarkir: Dragonstorm,61,normal,common,1,104333,a2ef698e-5466-43bd-985d-020f2e5d8205,0.05,false,false,near_mint,en,USD,2026-06-30T01:12:36.994Z
Non-Lands,binder,Kishla Trawlers,TDM,Tarkir: Dragonstorm,50,normal,uncommon,1,104472,190fbc55-e8e9-4077-9532-1de7406baabf,0.08,false,false,near_mint,en,USD,2026-06-30T01:12:36.992Z
Non-Lands,binder,"Sygg, Wanderwine Wisdom // Sygg, Wanderbrine Shield",ECL,Lorwyn Eclipsed,76,normal,rare,1,108953,70adc870-f0db-4d4b-863b-673c2c258751,0.28,false,false,near_mint,en,USD,2026-06-30T01:12:36.991Z
Non-Lands,binder,Wanderwine Distracter,ECL,Lorwyn Eclipsed,82,normal,common,1,110624,cbf593a7-d4ae-4771-926a-3c1b2c8c901a,0.06,false,false,near_mint,en,USD,2026-06-30T01:12:36.990Z
Non-Lands,binder,Glamer Gifter,ECL,Lorwyn Eclipsed,49,normal,uncommon,2,110609,bd764dd4-2395-4138-ac29-260eac1aeaae,0.26,false,false,near_mint,en,USD,2026-06-30T01:12:36.989Z
Non-Lands,binder,Silvergill Peddler,ECL,Lorwyn Eclipsed,70,normal,common,2,110669,feba2bb6-6005-4ade-a4c5-97bbd54b43a3,0.1,false,false,near_mint,en,USD,2026-06-30T01:12:36.988Z
Non-Lands,binder,Kitesail Larcenist,LCI,The Lost Caverns of Ixalan,61,normal,rare,1,88225,03207457-70d8-4462-8c8b-ed39791d56a1,0.38,false,false,near_mint,en,USD,2026-06-30T01:12:36.987Z
Non-Lands,binder,Elgaud Shieldmate,AVR,Avacyn Restored,50,normal,common,1,18228,e7d376ef-c900-4abb-9a0b-5eb9369f5739,0.11,false,false,near_mint,en,USD,2026-06-30T01:12:36.986Z
Non-Lands,binder,Preening Champion,MOM,March of the Machine,73,foil,common,2,81341,44178ece-af31-4a94-88bc-c9ce43bb4573,0.12,false,false,near_mint,en,USD,2026-06-30T01:12:36.985Z
Non-Lands,binder,Chancellor of Tales,WOE,Wilds of Eldraine,45,normal,uncommon,2,85841,f67bd5ef-305b-4bf7-990b-3014778b14a0,0.23,false,false,near_mint,en,USD,2026-06-30T01:12:36.984Z
Non-Lands,binder,Mocking Sprite,FDN,Foundations,159,normal,common,1,101624,f6792f63-b651-497d-8aa5-cddf4cedeca8,0.2,false,false,near_mint,en,USD,2026-06-30T01:12:36.982Z
Non-Lands,binder,Splashy Spellcaster,WOE,Wilds of Eldraine,70,normal,uncommon,1,85493,73ebd7f0-a54d-43a8-a5ee-9d6835308794,0.13,false,false,near_mint,en,USD,2026-06-30T01:12:36.981Z
Non-Lands,binder,Gitaxian Raptor,ONE,Phyrexia: All Will Be One,53,normal,common,2,78538,4f5e95f8-c04d-405f-bba4-e83a8f6bf463,0.08,false,false,near_mint,en,USD,2026-06-30T01:12:36.978Z
Non-Lands,binder,Bellowing Crier,BLB,Bloomburrow,42,normal,common,3,96119,ca2215dd-6300-49cf-b9b2-3a840b786c31,0.19,false,false,near_mint,en,USD,2026-06-30T01:12:37.009Z
Non-Lands,binder,Waterwind Scout,LCI,The Lost Caverns of Ixalan,84,normal,common,1,88669,8a7738fb-0a1b-4010-b8c0-e1129739c765,0.1,false,false,near_mint,en,USD,2026-06-30T01:15:17.705Z
Non-Lands,binder,Paranormal Analyst,DSK,Duskmourn: House of Horror,69,normal,uncommon,1,98978,60cf954a-5503-460c-8720-8960842eea47,0.3,false,false,near_mint,en,USD,2026-06-30T01:15:17.703Z
Non-Lands,binder,Scrabbling Skullcrab,DSK,Duskmourn: House of Horror,71,normal,uncommon,1,98665,c1017b8e-e7fa-41de-8eb2-2e4a59db5117,0.25,false,false,near_mint,en,USD,2026-06-30T01:15:17.700Z
Non-Lands,binder,Fear of Isolation,DSK,Duskmourn: House of Horror,58,normal,uncommon,1,98634,69aa6054-8c59-4bbc-a283-adb453639786,0.32,false,false,near_mint,en,USD,2026-06-30T01:15:17.698Z
Non-Lands,binder,Marauding Sphinx,OTJ,Outlaws of Thunder Junction,56,normal,uncommon,1,93116,34071884-c5b6-42c0-9eb3-9f32910c29d8,0.11,false,false,near_mint,en,USD,2026-06-30T01:15:17.696Z
Non-Lands,binder,Cloudsculpt Technician,EOE,Edge of Eternities,49,foil,common,1,107718,51077a54-15cf-4088-8e84-088d72e8e861,0.07,false,false,near_mint,en,USD,2026-06-30T01:15:17.693Z
Non-Lands,binder,Illvoi Operative,EOE,Edge of Eternities,61,normal,common,1,107773,d0ae9fc7-1802-4806-9996-1f1f458ff6a7,0.09,false,false,near_mint,en,USD,2026-06-30T01:15:17.691Z
Non-Lands,binder,Codecracker Hound,EOE,Edge of Eternities,50,normal,uncommon,1,107598,6723b891-6013-4ec6-b439-2233d270dc48,0.16,false,false,near_mint,en,USD,2026-06-30T01:15:17.687Z
Non-Lands,binder,Saruman the White,LTR,The Lord of the Rings: Tales of Middle-earth,67,normal,uncommon,1,82903,1bfccbab-29fa-4e92-8919-6cd4815fb655,0.22,false,false,near_mint,en,USD,2026-06-30T01:15:17.686Z
Non-Lands,binder,Meldweb Curator,ONE,Phyrexia: All Will Be One,59,normal,common,1,78940,f0d392b2-1dac-432d-930c-66b238f7512b,0.09,false,false,near_mint,en,USD,2026-06-30T01:15:17.684Z
Non-Lands,binder,Clammy Prowler,DSK,Duskmourn: House of Horror,45,normal,common,1,98795,237f0b93-f12e-4c5f-a3d7-83e8f20f8493,0.22,false,false,near_mint,en,USD,2026-06-30T01:15:17.681Z
Non-Lands,binder,Erratic Apparition,DSK,Duskmourn: House of Horror,54,normal,common,1,99287,a74fd612-2890-4333-a379-5bf7650fbb87,0.12,false,false,near_mint,en,USD,2026-06-30T01:15:17.680Z
Non-Lands,binder,Dirgur Island Dragon // Skimming Strike,TDM,Tarkir: Dragonstorm,40,normal,common,2,104342,b1d21a9a-6b0c-4fbc-a427-81be885d326b,0.14,false,false,near_mint,en,USD,2026-06-30T01:15:17.677Z
Non-Lands,binder,Sibsig Appraiser,TDM,Tarkir: Dragonstorm,56,normal,common,1,105135,670c5b96-bac6-449b-a2bd-cb43750d3911,0.12,false,false,near_mint,en,USD,2026-06-30T01:15:17.676Z
Non-Lands,binder,Tide Skimmer,M21,Core Set 2021,79,normal,uncommon,1,51037,dee1d595-a998-4652-931f-a1a72446f3a6,0.22,false,false,near_mint,en,USD,2026-06-30T01:15:17.674Z
Non-Lands,binder,Illvoi Galeblade,EOE,Edge of Eternities,58,foil,common,1,107060,769f7d13-a312-4d79-8639-6ae248452448,0.29,false,false,near_mint,en,USD,2026-06-30T01:15:17.671Z
Non-Lands,binder,Selfcraft Mechan,EOE,Edge of Eternities,74,foil,common,1,107724,5b2de056-5c27-44d6-871d-909411bd52dd,0.08,false,false,near_mint,en,USD,2026-06-30T01:15:17.670Z
Non-Lands,binder,Sinuous Benthisaur,LCI,The Lost Caverns of Ixalan,76,normal,uncommon,1,88616,7a58639c-001f-4cb1-89fd-0a0967b86977,0.09,false,false,near_mint,en,USD,2026-06-30T01:15:17.666Z
Non-Lands,binder,Fear of Impostors,DSK,Duskmourn: House of Horror,57,normal,uncommon,1,98737,bdee441e-14ab-42d1-b447-5a6488fd713a,0.31,false,false,near_mint,en,USD,2026-06-30T01:15:17.664Z
Non-Lands,binder,Wanderwine Distracter,ECL,Lorwyn Eclipsed,82,foil,common,1,110624,cbf593a7-d4ae-4771-926a-3c1b2c8c901a,0.11,false,false,near_mint,en,USD,2026-06-30T01:15:17.663Z
Non-Lands,binder,Daggermaw Megalodon,DSK,Duskmourn: House of Horror,48,normal,common,2,98934,e72a38b9-29aa-4804-ab27-4c40321f0bc3,0.24,false,false,near_mint,en,USD,2026-06-30T01:15:17.695Z
Non-Lands,binder,Eclipsed Kithkin,ECL,Lorwyn Eclipsed,220,normal,uncommon,1,110709,29e1cfa4-0ad8-4228-9f7e-cbab114d1d5f,0.14,false,false,near_mint,en,USD,2026-06-30T01:18:40.242Z
Non-Lands,binder,Thoughtweft Lieutenant,ECL,Lorwyn Eclipsed,246,normal,uncommon,1,110315,2c54ec67-9317-455e-a045-fa4ed9cb676f,0.14,false,false,near_mint,en,USD,2026-06-30T01:18:40.241Z
Non-Lands,binder,Head of the Homestead,BLB,Bloomburrow,216,foil,common,2,95762,2fc20157-edd3-484d-8864-925c071c0551,0.27,false,false,near_mint,en,USD,2026-06-30T01:18:40.240Z
Non-Lands,binder,Emmara Tandris,C19,Commander 2019,191,normal,rare,1,45743,7d415858-5f7d-406c-bb30-b4c48ebaad08,0.33,false,false,near_mint,en,USD,2026-06-30T01:18:40.237Z
Non-Lands,binder,Head of the Homestead,BLB,Bloomburrow,216,normal,common,1,95762,2fc20157-edd3-484d-8864-925c071c0551,0.19,false,false,near_mint,en,USD,2026-06-30T01:18:40.236Z
Non-Lands,binder,"Rip, Spawn Hunter",DSK,Duskmourn: House of Horror,228,normal,rare,1,99175,5f12e3b3-a260-4913-b13a-7fbb753dd702,0.25,false,false,near_mint,en,USD,2026-06-30T01:18:40.235Z
Non-Lands,binder,Shrewd Storyteller,DSK,Duskmourn: House of Horror,232,foil,uncommon,1,98946,f9636877-8fcc-4ad5-8eb2-a5d5ba49583d,0.15,false,false,near_mint,en,USD,2026-06-30T01:18:40.233Z
Non-Lands,binder,Park Heights Pegasus,SNC,Streets of New Capenna,211,normal,rare,2,67974,bba250e8-1ceb-40f5-95f1-fb00a2a723eb,0.28,false,false,near_mint,en,USD,2026-06-30T01:18:40.231Z
Non-Lands,binder,Loxodon Smiter,RTR,Return to Ravnica,178,normal,rare,1,17244,69247168-2bfb-4cce-a2a6-61459a0fbce4,0.17,false,false,near_mint,en,USD,2026-06-30T01:18:40.230Z
Non-Lands,binder,Good-Fortune Unicorn,FDN,Foundations,240,normal,uncommon,1,101300,eabbe163-2b15-42e3-89ce-7363e6250d3a,0.31,false,false,near_mint,en,USD,2026-06-30T01:18:40.229Z
Non-Lands,binder,Golden-Tail Trainer,MH3,Modern Horizons 3,187,normal,uncommon,1,94384,27d42bd9-0307-42ec-a4cd-b39b69b607d0,0.21,false,false,near_mint,en,USD,2026-06-30T01:18:40.228Z
Non-Lands,binder,Faithful Watchdog,MH3,Modern Horizons 3,185,normal,common,3,94882,b9afac99-a094-41a8-8323-90dec29691c4,0.16,false,false,near_mint,en,USD,2026-06-30T01:18:40.227Z
Non-Lands,binder,Burrowguard Mentor,BLB,Bloomburrow,206,normal,uncommon,1,95945,87138ace-3594-499e-bad5-ec76148613ea,0.22,false,false,near_mint,en,USD,2026-06-30T01:18:40.226Z
Non-Lands,binder,"Haliya, Ascendant Cadet",EOE,Edge of Eternities,218,normal,uncommon,3,107451,683d6eba-7f98-4105-b318-7f2290012f32,0.22,false,false,near_mint,en,USD,2026-06-30T01:18:40.225Z
Non-Lands,binder,Wary Farmer,ECL,Lorwyn Eclipsed,251,normal,common,1,110457,22d20c0d-176d-49c9-aa0b-2c5778548cc5,0.11,false,false,near_mint,en,USD,2026-06-30T01:18:40.224Z
Non-Lands,binder,"Dyadrine, Synthesis Amalgam",EOE,Edge of Eternities,216,normal,rare,1,107498,994ca692-7138-4dcb-bf46-5da530f86036,0.33,false,false,near_mint,en,USD,2026-06-30T01:18:40.223Z
Non-Lands,binder,"Gluntch, the Bestower",CLB,Commander Legends: Battle for Baldur's Gate,275,normal,rare,1,68970,3b3e889a-5865-4464-9923-bffa25c50cd2,0.43,false,false,near_mint,en,USD,2026-06-30T01:18:40.222Z
Non-Lands,binder,Seedship Broodtender,EOE,Edge of Eternities,227,normal,uncommon,3,107379,1abc176f-2ccf-4371-b4b5-030dd99ff7fc,0.32,false,false,near_mint,en,USD,2026-06-30T01:18:40.221Z
Non-Lands,binder,Botanical Brawler,MOM,March of the Machine,220,normal,uncommon,2,81162,977c15c9-2aad-4d1d-86a6-1f9d78ad7af6,0.26,false,false,near_mint,en,USD,2026-06-30T01:18:40.232Z
Non-Lands,binder,Shrewd Storyteller,DSK,Duskmourn: House of Horror,232,normal,uncommon,2,98946,f9636877-8fcc-4ad5-8eb2-a5d5ba49583d,0.04,false,false,near_mint,en,USD,2026-06-30T01:18:40.234Z
Non-Lands,binder,Cursed Wombat,MH3,Modern Horizons 3,181,foil,uncommon,1,94792,a09a8de1-98b3-49e0-82f6-d90f1048de44,0.36,false,false,near_mint,en,USD,2026-06-30T01:20:07.434Z
Non-Lands,binder,Doomgape,DDJ,Duel Decks: Izzet vs. Golgari,65,normal,rare,1,17471,702da51f-c4ec-4073-bee8-f8423f70b163,0.22,false,false,near_mint,en,USD,2026-06-30T01:20:07.431Z
Non-Lands,binder,Stoic Grove-Guide,ECL,Lorwyn Eclipsed,243,normal,common,1,110730,3d5a3e25-c17a-47b1-a36d-d24d50e5bab3,0.1,false,false,near_mint,en,USD,2026-06-30T01:20:07.430Z
Non-Lands,binder,Korozda Guildmage,GK1,GRN Guild Kit,66,normal,uncommon,1,80,37622ca4-5627-4cae-af60-c4a2a4368cec,0.23,false,false,near_mint,en,USD,2026-06-30T01:20:07.429Z
Non-Lands,binder,Broodspinner,DSK,Duskmourn: House of Horror,211,normal,uncommon,1,99011,dcdd2622-ab7a-4990-b026-3667cac42894,0.26,false,false,near_mint,en,USD,2026-06-30T01:20:07.428Z
Non-Lands,binder,Stalwart Successor,TDM,Tarkir: Dragonstorm,227,normal,uncommon,1,104288,4a7b206f-8190-46e6-bb9e-44763d3eb4ac,0.17,false,false,near_mint,en,USD,2026-06-30T01:20:07.427Z
Non-Lands,binder,Host of the Hereafter,TDM,Tarkir: Dragonstorm,193,normal,uncommon,1,104448,0f182957-8133-45a7-80a3-1944bead4d43,0.29,false,false,near_mint,en,USD,2026-06-30T01:20:07.426Z
Non-Lands,binder,Morcant's Loyalist,ECL,Lorwyn Eclipsed,236,normal,uncommon,1,110693,175c6b1c-8790-41a2-ae15-5031206c410f,0.44,false,false,near_mint,en,USD,2026-06-30T01:20:07.424Z
Non-Lands,binder,Expanding Ooze,MH3,Modern Horizons 3,184,normal,common,2,94599,bbdb095d-b826-4e3e-8c61-0d408e52d6b8,0.16,false,false,near_mint,en,USD,2026-06-30T01:20:07.432Z
Non-Lands,binder,"Satoru, the Infiltrator",OTJ,Outlaws of Thunder Junction,230,normal,rare,1,93301,acc9a5cc-2b3c-4c2f-8176-4a2d86265cc5,0.46,false,false,near_mint,en,USD,2026-06-30T01:22:15.925Z
Non-Lands,binder,Fear of Infinity,DSK,Duskmourn: House of Horror,214,normal,uncommon,1,98857,81756844-c642-406f-842d-35c1e404fec0,0.26,false,false,near_mint,en,USD,2026-06-30T01:22:15.924Z
Non-Lands,binder,"Obyra, Dreaming Duelist",WOE,Wilds of Eldraine,210,normal,uncommon,1,85449,63ce03ee-279b-4955-98e3-9ce1990f8b7b,0.38,false,false,near_mint,en,USD,2026-06-30T01:22:15.922Z
Non-Lands,binder,Faerie Snoop,MKM,Murders at Karlov Manor,203,normal,common,1,90707,20267dab-8898-4b44-8ef4-8a239967662c,0.13,false,false,near_mint,en,USD,2026-06-30T01:22:15.920Z
Non-Lands,binder,"Lazav, Familiar Stranger",OTJ,Outlaws of Thunder Junction,216,normal,uncommon,1,93022,00293326-3eb2-492c-b565-7abafa037d8c,0.27,false,false,near_mint,en,USD,2026-06-30T01:22:15.919Z
Non-Lands,binder,"Nashi, Searcher in the Dark",DSK,Duskmourn: House of Horror,223,normal,rare,1,98775,0fbf9e1e-43f2-499e-844d-22fc10dbad06,0.3,false,false,near_mint,en,USD,2026-06-30T01:22:15.918Z
Non-Lands,binder,Sneaky Snacker,MH3,Modern Horizons 3,205,normal,common,1,94837,0e3aedae-e4bb-48e3-9f8b-bea0430df306,0.24,false,false,near_mint,en,USD,2026-06-30T01:22:15.917Z
Non-Lands,binder,"Uchbenbak, the Great Mistake",LCI,The Lost Caverns of Ixalan,242,normal,uncommon,1,88753,a062202c-f9fb-4dd6-989a-c3083644f1c0,0.17,false,false,near_mint,en,USD,2026-06-30T01:22:15.916Z
Non-Lands,binder,Voidwing Hybrid,ONE,Phyrexia: All Will Be One,221,normal,uncommon,1,78685,8a48705f-bd8a-43f1-b1fe-14a5c9a83ccd,0.29,false,false,near_mint,en,USD,2026-06-30T01:22:15.915Z
Non-Lands,binder,Oildeep Gearhulk,DFT,Aetherdrift,351,normal,mythic,1,102897,099ead92-1d35-495c-8ee8-14d73e9f1437,2.84,false,false,near_mint,en,USD,2026-06-30T01:22:15.914Z
Non-Lands,binder,Mischievous Sneakling,ECL,Lorwyn Eclipsed,235,normal,common,1,110726,3b66fa00-2fa6-4060-9e7f-8e3fde6deb73,0.2,false,false,near_mint,en,USD,2026-06-30T01:22:15.913Z
Non-Lands,binder,"Genku, Future Shaper",MH3,Modern Horizons 3,186,normal,rare,1,94337,0cbcc962-65c4-496d-8034-75c8d204dba3,0.21,false,false,near_mint,en,USD,2026-06-30T01:22:15.910Z
Non-Lands,binder,Private Eye,MKM,Murders at Karlov Manor,223,normal,uncommon,1,91150,b6a50807-058e-45dc-847c-8ffd13b1bd48,0.22,false,false,near_mint,en,USD,2026-06-30T01:22:15.909Z
Non-Lands,binder,"Jem Lightfoote, Sky Explorer",OTJ,Outlaws of Thunder Junction,209,normal,uncommon,1,93385,e24fe6dc-662a-4abc-ad60-a1959b2be006,0.15,false,false,near_mint,en,USD,2026-06-30T01:22:15.908Z
Non-Lands,binder,Empyrean Eagle,FDN,Foundations,239,foil,uncommon,1,100533,577e99a7-4a55-4314-8f08-2ae0c33b85c7,0.38,false,false,near_mint,en,USD,2026-06-30T01:22:15.907Z
Non-Lands,binder,Riddle Gate Gargoyle,MH3,Modern Horizons 3,201,normal,common,2,94854,4e72a934-12e0-4e56-af67-566c2d5b01c1,0.23,false,false,near_mint,en,USD,2026-06-30T01:22:15.905Z
Non-Lands,binder,Emissary of Soulfire,MH3,Modern Horizons 3,183,normal,uncommon,1,94852,4663e9e3-1989-4ddb-9508-9cc055d2ebe9,0.16,false,false,near_mint,en,USD,2026-06-30T01:22:15.904Z
Non-Lands,binder,Deepchannel Duelist,ECL,Lorwyn Eclipsed,213,normal,uncommon,1,110698,1b742172-7118-45e7-9945-62bd77d94e85,0.28,false,false,near_mint,en,USD,2026-06-30T01:22:15.903Z
Non-Lands,binder,"Azor, the Lawbringer",RIX,Rivals of Ixalan,154,normal,mythic,1,2864,30dc237e-b28a-4b65-9790-6b434828bf2e,1.39,false,false,near_mint,en,USD,2026-06-30T01:22:15.901Z
Non-Lands,binder,Station Monitor,EOE,Edge of Eternities,230,normal,uncommon,2,107529,ba9f6d16-ee3e-4fbb-b78a-6292188eb61f,0.19,false,false,near_mint,en,USD,2026-06-30T01:22:15.899Z
Non-Lands,binder,Gremlin Tamer,DSK,Duskmourn: House of Horror,215,normal,uncommon,2,98808,3593a222-21c5-4f91-bde1-763ea08071da,0.27,false,false,near_mint,en,USD,2026-06-30T01:22:15.900Z
Non-Lands,binder,Sharae of Numbing Depths,WOE,Wilds of Eldraine,213,normal,uncommon,2,85435,600bc36a-3ef0-459c-9a93-94ec45b8c3d9,0.27,false,false,near_mint,en,USD,2026-06-30T01:22:15.902Z
Non-Lands,binder,Mind Drill Assailant,BLB,Bloomburrow,225,normal,common,2,95783,507ba708-ca9b-453e-b4c2-23b6650eb5a8,0.15,false,false,near_mint,en,USD,2026-06-30T01:22:15.921Z
Non-Lands,binder,"Mm'menon, Uthros Exile",EOE,Edge of Eternities,221,normal,uncommon,1,107597,5546c044-5826-48c3-9d28-866f3c3c5f2c,0.27,false,false,near_mint,en,USD,2026-06-30T01:27:06.628Z
Non-Lands,binder,Goblin Electromancer,RVR,Ravnica Remastered,186,normal,common,1,89934,dba5f096-4b1b-4c38-b0e5-1711b318d2f7,0.21,false,false,near_mint,en,USD,2026-06-30T01:27:06.627Z
Non-Lands,binder,Cyclops Superconductor,MH3,Modern Horizons 3,182,normal,common,1,94861,69ce6839-92d1-497b-9760-6fdc7388614e,0.17,false,false,near_mint,en,USD,2026-06-30T01:27:06.626Z
Non-Lands,binder,Flaring Cinder,ECL,Lorwyn Eclipsed,225,normal,common,1,110675,0691a1a9-18e7-44b7-9a34-764b1ab45a76,0.16,false,false,near_mint,en,USD,2026-06-30T01:27:06.625Z
Non-Lands,binder,Eclipsed Flamekin,ECL,Lorwyn Eclipsed,337,normal,uncommon,1,110514,6271b82d-5922-4de0-b763-129908ece6ee,0.25,false,false,near_mint,en,USD,2026-06-30T01:27:06.624Z
Non-Lands,binder,Effortless Master,TDM,Tarkir: Dragonstorm,181,normal,uncommon,1,104441,0ae03ca5-cd4b-42b7-8cd5-3f7e753b4147,0.08,false,false,near_mint,en,USD,2026-06-30T01:27:06.623Z
Non-Lands,binder,Goblin Electromancer,MM3,Modern Masters 2017,166,foil,common,1,6047,2f17a1fc-b6cc-4f62-96df-3cde940a3bea,0.43,false,false,near_mint,en,USD,2026-06-30T01:27:06.622Z
Non-Lands,binder,Izzet Guildmage,DDJ,Duel Decks: Izzet vs. Golgari,4,normal,uncommon,1,17532,0eaf3018-ae27-4e2e-b6da-dbdebd58fc2b,0.12,false,false,near_mint,en,USD,2026-06-30T01:27:06.621Z
Non-Lands,binder,Gelectrode,DDJ,Duel Decks: Izzet vs. Golgari,5,normal,uncommon,1,17531,a2ad045c-fb4f-45aa-9559-785285c6be19,0.52,false,false,near_mint,en,USD,2026-06-30T01:27:06.620Z
Non-Lands,binder,Tempest Angler,BLB,Bloomburrow,235,normal,common,1,95803,850daae4-f0b7-4604-95e7-ad044ec165c3,0.19,false,false,near_mint,en,USD,2026-06-30T01:27:06.619Z
Non-Lands,binder,Twinflame Travelers,ECL,Lorwyn Eclipsed,248,normal,uncommon,1,110755,5fc9f409-3aef-4403-bf17-6e9a72ecfada,0.36,false,false,near_mint,en,USD,2026-06-30T01:27:06.618Z
Non-Lands,binder,Zoyowa Lava-Tongue,LCI,The Lost Caverns of Ixalan,312,normal,uncommon,1,88375,2cfd2cf8-95e4-4df5-a803-66e7c4eb065a,0.17,false,false,near_mint,en,USD,2026-06-30T01:27:06.617Z
Non-Lands,binder,Stromkirk Captain,DKA,Dark Ascension,143,normal,uncommon,1,18394,5bfcca87-04f8-480a-bae6-ae87f7afb7e1,0.77,false,false,near_mint,en,USD,2026-06-30T01:27:06.616Z
Non-Lands,binder,"Far Fortune, End Boss",DFT,Aetherdrift,363,normal,rare,1,103222,ae0bd239-25ae-496e-9be2-c2d968dc9346,0.28,false,false,near_mint,en,USD,2026-06-30T01:27:06.615Z
Non-Lands,binder,"Vial Smasher, Gleeful Grenadier",OTJ,Outlaws of Thunder Junction,235,normal,uncommon,1,93129,3afce4e6-ac59-4fba-b63a-8fed96bbdc4a,0.16,false,false,near_mint,en,USD,2026-06-30T01:27:06.614Z
Non-Lands,binder,Cindering Cutthroat,BLB,Bloomburrow,208,normal,common,1,95820,b2ea10dd-21ea-4622-be27-79d03a802b85,0.18,false,false,near_mint,en,USD,2026-06-30T01:27:06.613Z
Non-Lands,binder,Shadow Urchin,ECL,Lorwyn Eclipsed,242,foil,rare,1,110745,4e54c39b-6149-467b-a9a8-7ad09ca0cbd4,0.37,false,false,near_mint,en,USD,2026-06-30T01:27:06.612Z
Non-Lands,binder,Fireglass Mentor,BLB,Bloomburrow,213,normal,uncommon,1,95823,b78fbaa3-c580-4290-9c28-b74169aab2fc,0.26,false,false,near_mint,en,USD,2026-06-30T01:27:06.610Z
Non-Lands,binder,Sawblade Skinripper,DSK,Duskmourn: House of Horror,231,normal,uncommon,1,98917,cbe51964-50d2-49b0-9c3c-81751dcbeade,0.15,false,false,near_mint,en,USD,2026-06-30T01:27:06.609Z
Non-Lands,binder,"Sami, Ship's Engineer",EOE,Edge of Eternities,225,normal,uncommon,1,106764,75c38cc9-07de-46d4-8195-f04b2b7e0fee,0.17,false,false,near_mint,en,USD,2026-06-30T01:27:06.608Z
Non-Lands,binder,Blaze Commando,DGM,Dragon's Maze,56,normal,uncommon,1,16409,5e179f0d-2965-44e4-8483-67b330a8608c,0.1,false,false,near_mint,en,USD,2026-06-30T01:27:06.607Z
Non-Lands,binder,Cori Mountain Stalwart,TDM,Tarkir: Dragonstorm,175,normal,uncommon,1,104902,b6cbf54e-f30e-4e7b-b17c-217fa424971c,0.16,false,false,near_mint,en,USD,2026-06-30T01:27:06.605Z
Non-Lands,binder,Seedglaive Mentor,BLB,Bloomburrow,231,foil,uncommon,1,95836,d21c3e41-0636-49a3-8c9c-384c5e5c9c3e,0.3,false,false,near_mint,en,USD,2026-06-30T01:27:06.604Z
Non-Lands,binder,Veteran Guardmouse,BLB,Bloomburrow,237,normal,common,1,95771,3db43c46-b616-4ef8-80ed-0fab345ab3d0,0.16,false,false,near_mint,en,USD,2026-06-30T01:27:06.603Z
Non-Lands,binder,"Rem Karolus, Stalwart Slayer",MID,Innistrad: Midnight Hunt,322,normal,rare,2,63478,e54105a7-c369-40a8-8b37-610821c0fd08,0.37,false,false,near_mint,en,USD,2026-06-30T01:27:06.602Z
Non-Lands,binder,Conduit Goblin,MH3,Modern Horizons 3,179,foil,common,1,94461,5c9ad04d-c4d4-4d06-93bb-a881be733717,0.17,false,false,near_mint,en,USD,2026-06-30T01:27:06.600Z
Non-Lands,binder,Legion's Initiative,DGM,Dragon's Maze,81,normal,mythic,1,16384,672051a6-d232-4546-842a-369d412c38d2,0.87,false,false,near_mint,en,USD,2026-06-30T01:27:06.599Z
Non-Lands,binder,Feisty Spikeling,ECL,Lorwyn Eclipsed,223,normal,common,2,110868,f69f3a27-ecda-4d27-82fe-612ed57dbb28,0.16,false,false,near_mint,en,USD,2026-06-30T01:27:06.601Z
Non-Lands,binder,Undercover Crocodelf,MKM,Murders at Karlov Manor,239,normal,common,1,90902,5bc669c8-6f39-4d52-82d3-a4005d41c8a5,0.05,false,false,near_mint,en,USD,2026-06-30T01:28:45.760Z
Non-Lands,binder,Tainted Observer,ONE,Phyrexia: All Will Be One,217,normal,uncommon,1,78804,b9cba67a-b714-49b0-9797-24aca283f162,0.26,false,false,near_mint,en,USD,2026-06-30T01:28:45.759Z
Non-Lands,binder,Trygon Predator,FDN,Foundations,667,normal,uncommon,1,101144,cdb88a22-8086-4bf7-89e8-cce929440dd8,0.15,false,false,near_mint,en,USD,2026-06-30T01:28:45.758Z
Non-Lands,binder,Genemorph Imago,EOE,Edge of Eternities,217,normal,rare,1,107008,40f0ecf7-f49e-46ff-aa5b-9ff5361b72c5,0.29,false,false,near_mint,en,USD,2026-06-30T01:28:45.757Z
Non-Lands,binder,"Nicanzil, Current Conductor",LCI,The Lost Caverns of Ixalan,236,normal,uncommon,1,88532,5e6f4aba-3500-4fb7-ab78-02f63c03778a,0.22,false,false,near_mint,en,USD,2026-06-30T01:28:45.756Z
Non-Lands,binder,Oblivious Bookworm,DSK,Duskmourn: House of Horror,225,normal,uncommon,1,98913,c7b4c50b-fe76-430d-8f96-208f15ca4cd7,0.25,false,false,near_mint,en,USD,2026-06-30T01:28:45.755Z
Non-Lands,binder,Skyserpent Seeker,DFT,Aetherdrift,224,foil,uncommon,1,103567,8dbd9fc0-c0df-4119-a0d3-2e1790998c21,0.33,false,false,near_mint,en,USD,2026-06-30T01:28:45.754Z
Non-Lands,binder,Coiling Oracle,BLC,Bloomburrow Commander,250,normal,common,2,96399,9cfb4080-0f31-4352-b47a-a36955b68a18,0.3,false,false,near_mint,en,USD,2026-06-30T01:28:45.753Z
Non-Lands,binder,Snapping Voidcraw,MH3,Modern Horizons 3,204,normal,common,1,94870,9185371c-2dde-48ad-ab27-08be04b3c522,0.16,false,false,near_mint,en,USD,2026-06-30T01:28:45.752Z
Non-Lands,binder,"Nicanzil, Current Conductor",LCI,The Lost Caverns of Ixalan,236,foil,uncommon,1,88532,5e6f4aba-3500-4fb7-ab78-02f63c03778a,0.28,false,false,near_mint,en,USD,2026-06-30T01:28:45.751Z
Non-Lands,binder,Biomechan Engineer,EOE,Edge of Eternities,213,normal,uncommon,1,107468,7edcef2c-029c-46bd-bfeb-ff56a57dd63a,0.23,false,false,near_mint,en,USD,2026-06-30T01:28:45.750Z
Non-Lands,binder,Kishla Skimmer,TDM,Tarkir: Dragonstorm,201,normal,uncommon,1,104899,b5f1acb0-d73e-4814-8158-3645daf5c4cc,0.24,false,false,near_mint,en,USD,2026-06-30T01:28:45.749Z
Non-Lands,binder,"Nicanzil, Current Conductor",LCI,The Lost Caverns of Ixalan,306,normal,uncommon,1,88539,6059b64c-3064-46de-af47-6dc6542dca23,0.22,false,false,near_mint,en,USD,2026-06-30T01:28:45.748Z
Non-Lands,binder,Lilysplash Mentor,BLB,Bloomburrow,222,normal,uncommon,1,95789,64de7b1f-a03e-4407-91f1-e108a2f26735,0.29,false,false,near_mint,en,USD,2026-06-30T01:28:45.747Z
Non-Lands,binder,Yathan Roadwatcher,TDM,Tarkir: Dragonstorm,236,normal,rare,1,104800,8e77339b-dd82-481c-9ee2-4156ca69ad35,0.2,false,false,near_mint,en,USD,2026-06-30T01:28:45.745Z
Non-Lands,binder,Abzan Ascendancy,2X2,Double Masters 2022,165,foil,rare,1,70343,80b722d9-be9d-463c-929e-78f7156af9c6,0.25,false,false,near_mint,en,USD,2026-06-30T01:28:45.743Z
Non-Lands,binder,Reputable Merchant,TDM,Tarkir: Dragonstorm,217,normal,common,2,105157,b7d0591e-7fb7-40ea-ba2a-cfe544d40216,0.05,false,false,near_mint,en,USD,2026-06-30T01:28:45.742Z
Non-Lands,binder,"Doran, Besieged by Time",ECL,Lorwyn Eclipsed,215,normal,rare,1,110504,568aa70a-6765-486a-bd37-5d38b16c46de,0.63,false,false,near_mint,en,USD,2026-06-30T01:28:45.741Z
Non-Lands,binder,Kin-Tree Severance,TDM,Tarkir: Dragonstorm,200,foil,uncommon,1,104896,b577e246-3377-42aa-856e-b9fa89f3603a,0.26,false,false,near_mint,en,USD,2026-06-30T01:28:45.740Z
Non-Lands,binder,Armament Dragon,TDM,Tarkir: Dragonstorm,168,normal,uncommon,1,104469,17f61c01-0a41-4fa1-ac34-ffa83baad989,0.21,false,false,near_mint,en,USD,2026-06-30T01:28:45.739Z
Non-Lands,binder,Severance Priest,TDM,Tarkir: Dragonstorm,222,normal,rare,2,104917,bc779a1b-128c-4c74-bebd-bdb687867f68,0.18,false,false,near_mint,en,USD,2026-06-30T01:28:45.744Z
Non-Lands,binder,Reaping Willow,ECL,Lorwyn Eclipsed,240,normal,uncommon,1,110794,97c33cc2-3573-410a-908b-c0392fff524b,0.25,false,false,near_mint,en,USD,2026-06-30T01:30:22.777Z
Non-Lands,binder,Fleshtaker,INR,Innistrad Remastered,235,normal,uncommon,1,102529,4b9bf7a7-28f8-410e-86d3-5637e473a5a1,0.23,false,false,near_mint,en,USD,2026-06-30T01:30:22.776Z
Non-Lands,binder,Amalia Benavides Aguirre,LCI,The Lost Caverns of Ixalan,221,normal,rare,2,88733,9acf80a5-f2ca-45b4-aca8-fbc690e35401,0.45,false,false,near_mint,en,USD,2026-06-30T01:30:22.775Z
Non-Lands,binder,Moonrise Cleric,BLB,Bloomburrow,226,foil,common,1,95767,35f2a71f-31e8-4b51-9dd4-51a5336b3b86,0.3,false,false,near_mint,en,USD,2026-06-30T01:30:22.774Z
Non-Lands,binder,"Syr Vondam, Sunstar Exemplar",EOE,Edge of Eternities,231,normal,rare,1,107424,49554198-549b-4066-86ce-77a03fda0a2f,0.38,false,false,near_mint,en,USD,2026-06-30T01:30:22.773Z
Non-Lands,binder,Marshal of the Lost,TDM,Tarkir: Dragonstorm,207,normal,uncommon,1,104304,64fbaa16-67c3-4ed2-9545-39abbbde61dc,0.18,false,false,near_mint,en,USD,2026-06-30T01:30:22.772Z
Non-Lands,binder,Cartel Aristocrat,RVR,Ravnica Remastered,170,normal,uncommon,1,89951,e2dec477-5764-4c0c-bb10-42d64ad2103e,0.28,false,false,near_mint,en,USD,2026-06-30T01:30:22.771Z
Non-Lands,binder,Fiendish Panda,FDN,Foundations,120,normal,uncommon,1,100483,4e434d74-cad0-45f5-bc8d-f34aa5e1d879,0.25,false,false,near_mint,en,USD,2026-06-30T01:30:22.770Z
Non-Lands,binder,Ondu Knotmaster // Throw a Line,MH3,Modern Horizons 3,196,normal,uncommon,1,94382,27912e61-97ef-406b-bb88-4fe89a54726e,0.2,false,false,near_mint,en,USD,2026-06-30T01:30:22.769Z
Non-Lands,binder,Prideful Feastling,ECL,Lorwyn Eclipsed,238,normal,common,1,110535,7578cb61-f606-4559-a10a-343a583228ab,0.1,false,false,near_mint,en,USD,2026-06-30T01:30:22.768Z
Non-Lands,binder,Hardened Tactician,TDM,Tarkir: Dragonstorm,191,normal,uncommon,1,104780,86b225cb-5c45-4da1-a64e-b04091e483e8,0.25,false,false,near_mint,en,USD,2026-06-30T01:30:22.766Z
Non-Lands,binder,Shroudstomper,DSK,Duskmourn: House of Horror,233,normal,uncommon,1,99155,53f746bf-0642-48db-835e-27a7fe369fef,0.24,false,false,near_mint,en,USD,2026-06-30T01:30:22.765Z
Non-Lands,binder,"Obzedat, Ghost Council",MM3,Modern Masters 2017,176,normal,rare,1,6037,4029c3a0-a999-453a-a838-7adb81e481ee,0.94,false,false,near_mint,en,USD,2026-06-30T01:30:22.764Z
Non-Lands,binder,"Syr Vondam, the Lucent",EOE,Edge of Eternities,232,normal,uncommon,1,107198,ea954205-5ff5-493b-bf30-6212042c2bc9,0.2,false,false,near_mint,en,USD,2026-06-30T01:30:22.763Z
Non-Lands,binder,Moonrise Cleric,BLB,Bloomburrow,226,normal,common,1,95767,35f2a71f-31e8-4b51-9dd4-51a5336b3b86,0.19,false,false,near_mint,en,USD,2026-06-30T01:30:22.762Z
Non-Lands,binder,Obstinate Gargoyle,MH3,Modern Horizons 3,195,normal,common,3,94849,40cf39f2-7382-405d-a14b-7eb8726cd38a,0.23,false,false,near_mint,en,USD,2026-06-30T01:30:22.767Z
Non-Lands,binder,"Tocasia, Dig Site Mentor",BRO,The Brothers' War,224,normal,rare,1,75630,919a32a6-b66d-4a75-a02f-fa1c4c87b738,0.17,false,false,near_mint,en,USD,2026-06-30T01:33:28.234Z
Non-Lands,binder,Disa the Restless,M3C,Modern Horizons 3 Commander,1,foil,mythic,1,94613,c976edeb-0fa1-4647-a16c-870d8a3c30c6,0.2,false,false,near_mint,en,USD,2026-06-30T01:33:28.233Z
Non-Lands,binder,"Zevlor, Elturel Exile",CLB,Commander Legends: Battle for Baldur's Gate,441,normal,rare,2,69080,6abfec4f-54b8-427e-9abf-6209aa659994,0.19,false,false,near_mint,en,USD,2026-06-30T01:33:28.232Z
Non-Lands,binder,Gurmag Nightwatch,TDM,Tarkir: Dragonstorm,190,normal,common,3,104369,de731430-6bbf-4782-953e-b69c46353959,0.12,false,false,near_mint,en,USD,2026-06-30T01:33:28.231Z
Non-Lands,binder,Gurmag Nightwatch,TDM,Tarkir: Dragonstorm,190,foil,common,1,104369,de731430-6bbf-4782-953e-b69c46353959,0.06,false,false,near_mint,en,USD,2026-06-30T01:33:28.230Z
Non-Lands,binder,Fangkeeper's Familiar,TDM,Tarkir: Dragonstorm,357,foil,rare,1,104769,8178e63d-caa6-4088-aaef-367fb24638a4,0.46,false,false,near_mint,en,USD,2026-06-30T01:33:28.229Z
Non-Lands,binder,Reigning Victor,TDM,Tarkir: Dragonstorm,216,normal,common,2,104334,a394112a-032b-4047-887a-6522cf7b83d5,0.17,false,false,near_mint,en,USD,2026-06-30T01:33:28.228Z
Non-Lands,binder,Sonic Shrieker,TDM,Tarkir: Dragonstorm,226,normal,uncommon,1,104757,7c231437-8bec-42e0-9175-af74c752b119,0.23,false,false,near_mint,en,USD,2026-06-30T01:33:28.227Z
Non-Lands,binder,Reigning Victor,TDM,Tarkir: Dragonstorm,216,foil,common,1,104334,a394112a-032b-4047-887a-6522cf7b83d5,0.14,false,false,near_mint,en,USD,2026-06-30T01:33:28.226Z
Non-Lands,binder,Wild Cantor,RVR,Ravnica Remastered,239,normal,common,1,89963,e6b56946-a368-4cd7-9d35-be14afca935b,0.27,false,false,near_mint,en,USD,2026-06-30T01:33:28.225Z
Non-Lands,binder,Rampaging Geoderm,MOM,March of the Machine,251,normal,uncommon,1,81188,a973e70f-9e3e-47a3-94b9-7bb8a198a438,0.11,false,false,near_mint,en,USD,2026-06-30T01:33:28.224Z
Non-Lands,binder,Gruul Guildmage,RVR,Ravnica Remastered,189,normal,uncommon,1,89767,80c29287-d32e-4f7d-8602-240921314804,0.14,false,false,near_mint,en,USD,2026-06-30T01:33:28.223Z
Non-Lands,binder,"Ruby, Daring Tracker",FDN,Foundations,245,normal,uncommon,1,101405,fe3e7dd2-b66d-4218-9fde-f84bec26b7bf,0.24,false,false,near_mint,en,USD,2026-06-30T01:33:28.222Z
Non-Lands,binder,Apocalypse Hydra,BBD,Battlebond,217,normal,rare,1,1776,3a3bae04-6da2-485d-812e-ea2f7e45a9f3,0.71,false,false,near_mint,en,USD,2026-06-30T01:33:28.221Z
Non-Lands,binder,"Jolene, Plundering Pugilist",OTJ,Outlaws of Thunder Junction,210,normal,uncommon,1,93443,fe30b5c8-4889-4350-bb1d-3e2a67d9dfb2,0.28,false,false,near_mint,en,USD,2026-06-30T01:33:28.220Z
Non-Lands,binder,Writhing Chrysalis,MH3,Modern Horizons 3,208,normal,common,1,94680,f54dbeb1-51f8-40e2-912a-ec25457de5a2,0.21,false,false,near_mint,en,USD,2026-06-30T01:33:28.219Z
Non-Lands,binder,Writhing Chrysalis,MH3,Modern Horizons 3,208,foil,common,2,94680,f54dbeb1-51f8-40e2-912a-ec25457de5a2,0.55,false,false,near_mint,en,USD,2026-06-30T01:33:28.218Z
Non-Lands,binder,Noggle Robber,ECL,Lorwyn Eclipsed,237,normal,uncommon,1,110671,0082ca96-10f3-4823-be16-117556b2afc3,0.12,false,false,near_mint,en,USD,2026-06-30T01:33:28.217Z
Non-Lands,binder,Sunstar Chaplain,EOE,Edge of Eternities,40,foil,rare,1,107476,83719626-3ff8-4566-9911-88212e753c69,0.28,false,false,near_mint,en,USD,2026-06-30T01:38:24.188Z
Non-Lands,binder,Knight Luminary,EOE,Edge of Eternities,23,foil,common,1,107708,34334971-c1b7-4506-a6dd-77f66b3ae4e7,0.13,false,false,near_mint,en,USD,2026-06-30T01:38:24.187Z
Non-Lands,binder,Gravpack Monoist,EOE,Edge of Eternities,104,foil,common,1,107701,2a968f01-36ef-4cf6-b1db-630c9cde2064,0.13,false,false,near_mint,en,USD,2026-06-30T01:38:24.186Z
Non-Lands,binder,Shepherding Spirits,DSK,Duskmourn: House of Horror,31,normal,common,3,98720,86c02ab1-0fb2-4cb0-a871-bfad406726fc,0.12,false,false,near_mint,en,USD,2026-06-30T01:38:24.185Z
Non-Lands,binder,Lionheart Glimmer,DSK,Duskmourn: House of Horror,19,normal,uncommon,3,98819,483e1c6f-331c-45f1-bf5d-9b9742aa8903,0.21,false,false,near_mint,en,USD,2026-06-30T01:38:24.184Z
Non-Lands,binder,Inspiring Paladin,FDN,Foundations,18,normal,common,1,101472,0763be06-25b2-4d6b-ab33-a1af85aeb443,0.17,false,false,near_mint,en,USD,2026-06-30T01:38:24.183Z
Non-Lands,binder,Werefox Bodyguard,WOE,Wilds of Eldraine,39,normal,rare,1,85367,4494dfa1-1343-417e-b0c5-2b096442dd0e,0.5,false,false,near_mint,en,USD,2026-06-30T01:38:24.182Z
Non-Lands,binder,Angel of Finality,FDN,Foundations,136,normal,uncommon,1,101057,baaabd52-3aa9-4e2f-9369-d4db8b405ba8,0.27,false,false,near_mint,en,USD,2026-06-30T01:38:24.181Z
Non-Lands,binder,Myr Moonvessel,DST,Darksteel,133,normal,common,1,29528,af0515cc-bf2d-4674-b339-4f4eefbc943d,0.33,false,false,near_mint,en,USD,2026-06-30T01:38:24.180Z
Non-Lands,binder,"Lena, Selfless Champion",M19,Core Set 2019,21,foil,rare,1,1291,2ffcbcda-2ba3-45e7-80c0-85ea3b7eea0c,1.72,false,false,near_mint,en,USD,2026-06-30T01:38:24.179Z
Non-Lands,binder,Brightspear Zealot,EOE,Edge of Eternities,8,normal,common,1,107782,e7f7541a-5910-4f33-8c1d-3507ce3a426e,0.06,false,false,near_mint,en,USD,2026-06-30T01:38:24.178Z
Non-Lands,binder,Glimmer Seeker,DSK,Duskmourn: House of Horror,14,normal,uncommon,2,98646,7f06bbb1-0c7d-4803-9b35-8a2206803eed,0.18,false,false,near_mint,en,USD,2026-06-30T01:38:24.177Z
Non-Lands,binder,Metastatic Evangel,MH3,Modern Horizons 3,35,normal,uncommon,2,94506,774e115a-c0dc-4901-9a1f-87754304e378,0.37,false,false,near_mint,en,USD,2026-06-30T01:38:24.176Z
Non-Lands,binder,Aerie Auxiliary,MH3,Modern Horizons 3,18,normal,common,2,94859,5e4c134b-a416-467e-a158-def84c92c6af,0.14,false,false,near_mint,en,USD,2026-06-30T01:38:24.175Z
Non-Lands,binder,Voltstorm Angel,MH3,Modern Horizons 3,46,normal,uncommon,1,94587,b5495f34-423e-4012-808c-b267e6fabf2c,0.14,false,false,near_mint,en,USD,2026-06-30T01:38:24.174Z
Non-Lands,binder,Annex Sentry,ONE,Phyrexia: All Will Be One,2,foil,uncommon,1,78377,04baad61-1b51-4602-9e33-0de4a9f34793,0.35,false,false,near_mint,en,USD,2026-06-30T01:38:24.173Z
Non-Lands,binder,Nettle Guard,BLB,Bloomburrow,23,foil,common,1,95949,8c9c3cc3-2aa2-453e-a17c-2baeeaabe0a9,0.25,false,false,near_mint,en,USD,2026-06-30T01:38:24.172Z
Non-Lands,binder,Optimistic Scavenger,DSK,Duskmourn: House of Horror,21,foil,uncommon,1,98991,9c72fc6f-6a96-420d-812d-b5cf0f57cc7f,0.36,false,false,near_mint,en,USD,2026-06-30T01:38:24.171Z
Non-Lands,binder,Splitskin Doll,DSK,Duskmourn: House of Horror,33,normal,uncommon,1,98766,0453be94-e59b-48f1-a488-7a9fd96a627e,0.3,false,false,near_mint,en,USD,2026-06-30T01:38:24.170Z
Non-Lands,binder,Armored Armadillo,OTJ,Outlaws of Thunder Junction,3,normal,common,3,93094,263232df-69b8-4205-93ad-c724fe57ec11,0.2,false,false,near_mint,en,USD,2026-06-30T01:38:24.169Z
Non-Lands,binder,Marketwatch Phantom,MKM,Murders at Karlov Manor,24,normal,common,1,91237,daf6a392-3fc4-45d1-b85d-3b1381b3ab7d,0.07,false,false,near_mint,en,USD,2026-06-30T01:38:24.168Z
Non-Lands,binder,Cloudchaser Kestrel,TSP,Time Spiral,10,normal,common,1,26890,87003295-fd7c-489a-b724-b76eef187b57,0.13,false,false,near_mint,en,USD,2026-06-30T01:38:24.167Z
Non-Lands,binder,Dragonstalker,SCG,Scourge,11,normal,uncommon,1,30677,58017ff1-74d2-4be2-976a-8dff53e16150,0.19,false,false,near_mint,en,USD,2026-06-30T01:38:24.166Z
Non-Lands,binder,Knight of Doves,WOE,Wilds of Eldraine,19,normal,uncommon,1,85669,b4f33617-ad19-4d42-ab94-6f21a7fb3dd4,0.16,false,false,near_mint,en,USD,2026-06-30T01:38:24.165Z
Non-Lands,binder,Cheeky House-Mouse // Squeak By,WOE,Wilds of Eldraine,7,normal,uncommon,1,85292,1f3013bf-9647-4bdb-a638-d299ae00f88e,0.31,false,false,near_mint,en,USD,2026-06-30T01:38:24.164Z
Non-Lands,binder,Unsettling Twins,DSK,Duskmourn: House of Horror,38,normal,common,3,98865,85da2e65-4e22-48b6-98ad-6969684d69e1,0.13,false,false,near_mint,en,USD,2026-06-30T01:38:24.163Z
Non-Lands,binder,Acrobatic Cheerleader,DSK,Duskmourn: House of Horror,1,foil,common,2,98713,6f1a7590-3eee-4803-b192-d4fb771e6a86,0.1,false,false,near_mint,en,USD,2026-06-30T01:38:24.162Z
Non-Lands,binder,Hexgold Slith,MH3,Modern Horizons 3,30,normal,common,1,94718,20a85b6d-fb2b-4359-9dd6-081d8722e580,0.15,false,false,near_mint,en,USD,2026-06-30T01:38:24.161Z
Non-Lands,binder,Oltec Archaeologists,LCI,The Lost Caverns of Ixalan,27,normal,common,1,88508,57c21561-2213-4524-89a6-30a305843e5a,0.05,false,false,near_mint,en,USD,2026-06-30T01:38:24.160Z
Non-Lands,binder,Senate Courier,RNA,Ravnica Allegiance,50,normal,common,1,43814,da8dc5c8-4eb7-4e41-8431-b41251f7814e,0.05,false,false,near_mint,en,USD,2026-06-30T01:39:27.547Z
Non-Lands,binder,Crusader of Odric,INR,Innistrad Remastered,18,normal,common,1,102799,d6ae6566-3df8-4e09-b487-f0362622ca04,0.11,false,false,near_mint,en,USD,2026-06-30T01:42:01.020Z
Non-Lands,binder,Hardened Escort,DSK,Duskmourn: House of Horror,16,normal,common,3,98779,12054e10-46d6-4581-a7e5-ff277cb0e229,0.07,false,false,near_mint,en,USD,2026-06-30T01:42:01.016Z
Non-Lands,binder,Astelli Reclaimer,EOE,Edge of Eternities,4,foil,rare,1,107017,4fb36405-cd28-432f-b0a4-e74ff8be928d,0.36,false,false,near_mint,en,USD,2026-06-30T01:42:01.015Z
Non-Lands,binder,Riling Dawnbreaker // Signaling Roar,TDM,Tarkir: Dragonstorm,21,normal,common,2,104532,312f7072-3bf8-449f-bfb7-93727ef26c66,0.12,false,false,near_mint,en,USD,2026-06-30T01:42:01.014Z
Non-Lands,binder,Mardu Devotee,TDM,Tarkir: Dragonstorm,16,normal,common,1,104366,da45e9b0-a4f6-413b-9e62-666c511eb5b0,0.2,false,false,near_mint,en,USD,2026-06-30T01:42:01.013Z
Non-Lands,binder,Voyager Quickwelder,DFT,Aetherdrift,37,normal,common,2,103673,f6dcdc8c-fba1-4ea1-bf93-65072d10f0da,0.27,false,false,near_mint,en,USD,2026-06-30T01:42:01.012Z
